2864 4770
692 309 735 374 46

153 485 294 565 interest,
318 510 399 571 quae
422 493 455 553 et
477 489 580 571 qualis
603 487 653 553 sit.
699 486 884 572 Comparari
906 496 1012 555 tamen
1039 489 1124 568 inter
1147 510 1183 554 sc
1206 510 1280 574 pos-

153 587 233 661 sunt¹
260 596 414 679 exempla,
451 595 558 677 qualia
589 594 674 658 Pers.
703 594 765 658 751
779 595 805 680 ¹)
838 601 869 660 et
902 595 1030 679 Septem
1056 596 1161 682 581²)
1196 603 1281 672 sunt,

152 708 283 786 propter
305 703 452 786 imaginis
475 688 676 767 insolentiam
699 703 768 766 soni
792 702 998 767 similitudine
1022 709 1215 768 excusatam.

241 808 302 874 Vel
320 831 359 874 ex
381 809 431 874 his
449 809 602 892 exemplis
620 829 808 892 cognoscere
825 809 900 874 licet
919 808 972 894 (cf.
991 809 1075 875 Pers.
1095 809 1171 885 681,
1192 809 1279 893 Sept.

153 915 243 1001 581),
266 915 313 980 ita
335 917 461 999 saepius
483 916 726 981 allitterationes
744 918 830 993 oriri,
852 922 888 980 ut
911 917 997 981 lusus
1015 917 1186 981 vorborum
1209 918 1280 1002 qui-

153 1023 227 1086 dam
249 1028 404 1104 augeatur
426 1023 516 1108 quasi
540 1044 586 1100 eo,
613 1024 699 1105 quod
726 1023 829 1106 prima
851 1029 937 1088 certe
965 1045 1140 1088 consonans
1167 1044 1280 1088 mrrsns

152 1130 277 1196 rediens
300 1129 387 1194 lusus
409 1129 495 1194 illius
513 1131 688 1214 principem
706 1151 817 1194 sonum
835 1136 961 1195 revocet
980 1135 1035 1194 aut
1054 1131 1167 1195 eadem
1186 1151 1281 1213 prae-

153 1238 266 1302 cedens
292 1258 384 1302 aures
411 1239 503 1320 quasi
529 1242 698 1320 praeparet
721 1237 762 1301 ad
789 1237 1026 1320 percipiendum
1053 1238 1159 1301 lusum
1188 1237 1277 1300 illum

152 1350 207 1408 aut
229 1333 419 1426 interposita
441 1344 531 1426 quasi
554 1344 615 1426 ipsi
638 1344 807 1407 verborum
830 1344 913 1407 lusui
936 1343 1158 1408 admisceatur.

239 1451 286 1515 Ac
304 1471 344 1514 ne
362 1451 448 1516 dieat
465 1451 632 1533 quispiam,
655 1449 724 1515 ficri
743 1471 806 1514 non
827 1470 928 1532 posse,
947 1456 983 1516 ut
1001 1471 1061 1514 vox
1080 1451 1280 1532 praecedens

152 1563 289 1621 mentem
320 1558 459 1622 adducat
487 1558 528 1622 ad
556 1557 771 1640 recipiendum
798 1557 902 1621 lusum
925 1557 1093 1621 verborum
1121 1579 1196 1621 eum
1224 1558 1280 1640 qui

151 1669 262 1748 postea
279 1664 472 1746 insequatur,
487 1664 562 1747 quia
578 1663 720 1728 nondum
733 1663 874 1728 divinare
888 1665 989 1746 possit
1002 1665 1058 1746 qui
1072 1665 1194 1741 audiat,
1213 1665 1281 1730 tale

151 1770 230 1853 quid
248 1791 315 1836 esse
333 1776 522 1835 secuturum.
560 1769 629 1834 Hac
651 1769 735 1835 enim
757 1772 788 1833 in
808 1791 843 1835 re
862 1777 898 1834 ut
920 1770 1005 1835 haud
1030 1770 1078 1834 ita
1099 1792 1174 1836 raro
1198 1773 1281 1838 artis

152 1876 335 1942 dialecticae
353 1878 482 1942 inventa
500 1877 629 1942 veritati
646 1898 710 1941 nen
727 1877 928 1960 respondent.
960 1876 1006 1942 Ut
1025 1877 1132 1953 oculis,
1154 1878 1203 1942 sio
1221 1900 1280 1944 au·

151 1983 241 2047 ribus
261 2005 385 2066 quoque
408 1984 515 2067 plures
532 2005 590 2048 nos
609 2005 717 2049 versus
739 1984 959 2066 percommode
982 1984 1076 2048 simul
1094 1985 1281 2068 complecti-

151 2113 230 2167 mur,
253 2095 349 2172 atque
372 2090 497 2155 etiamsi
519 2112 576 2154 nos
603 2090 719 2155 litteris
743 2094 775 2154 et
801 2092 927 2173 scriptis
951 2096 983 2154 ct
1010 2093 1095 2174 typis
1119 2093 1279 2175 expressis

151 2199 198 2263 ita
220 2199 351 2272 assueti,
378 2203 414 2263 ut
437 2197 597 2263 oculorum
621 2203 653 2261 et
679 2199 779 2280 magis
807 2197 932 2261 aurium
954 2197 1037 2262 vires
1059 2198 1151 2262 valde
1176 2199 1279 2264 debu·

151 2305 235 2370 erint
257 2304 435 2381 hebescere,
462 2326 526 2370 non
548 2304 612 2368 iam
635 2305 798 2388 complecti
822 2305 986 2386 possimus,
1013 2304 1048 2368 id
1076 2305 1162 2387 quod
1186 2327 1279 2389 nege,

152 2411 227 2476 inde
249 2433 451 2494 nequaquam
473 2417 693 2502 consequatur,
715 2433 755 2476 ne
776 2416 899 2476 veteres
923 2411 1052 2493 quidem
1074 2411 1226 2493 potuisse.

241 2519 332 2583 Talia
354 2518 460 2583 inveni
482 2519 514 2581 in
537 2518 598 2583 hae
616 2540 711 2602 quam
733 2523 905 2583 tractamus
929 2517 1037 2582 fabula
1059 2519 1206 2600 exempla
1229 2541 1278 2585 se-

153 2627 254 2691 decim
277 2646 411 2707 quorum
434 2646 579 2690 numeros
602 2647 666 2690 uua.
684 2648 754 2692 eum
772 2625 910 2700 vocibus,
933 2626 972 2689 de
996 2625 1113 2707 quibus
1131 2628 1278 2709 quaestio

154 2737 210 2809 est,
233 2731 376 2796 afferam:

151 2880 178 2921 v.
199 2859 227 2921 6.
248 2856 276 2920 7.
300 2847 406 2933 πολὺς
429 2853 581 2943 (πτόλιν)
603 2857 607 2943 Ι
627 2852 867 2941 πολυρρόθοις.

38 3031 40 3035 ,
151 2985 177 3026 v.
200 2963 320 3028 17.18.
345 2963 466 3049 (πέδῳ)
488 2965 492 3049 Ι
514 2954 648 3028 ἅπαντα
670 2965 890 3028 πανδοκοῦσα
914 2963 1095 3048 (παιδείας)

151 3091 177 3135 v.
197 3071 240 3135 30
262 3075 294 3135 et
316 3072 448 3153 proxim.
472 3065 595 3154 (πύλας
617 3065 868 3156 πυργωμάτων)
889 3071 893 3149 Ι
914 3064 1039 3144 πάντες
1061 3072 1249 3158 παντευχίᾳ
1271 3070 1273 3151 ξ

334 3193 336 3197 ’
1062 3176 1273 3262 (πληροῦτε).

151 3307 177 3348 v.
198 3285 262 3348 228
287 3289 319 3350 et
342 3283 416 3347 229.
441 3275 556 3348 ἀκούω
577 3284 581 3366 Ι
603 3275 767 3348 ἄκούουσ’
791 3276 892 3348 ἄκου’
916 3277 1038 3369 (ἄγαν).
1071 3287 1072 3290 ’

152 3413 178 3453 v.
197 3391 262 3453 243
285 3397 318 3455 et
341 3389 414 3454 244.
439 3389 562 3476 (τέλος)
585 3392 588 3474 Ι
609 3384 746 3472 τάχιστα
769 3384 852 3471 τάχα
873 3392 877 3476 Ι
899 3385 1078 3474 (τάλαινα).

153 3518 178 3562 v.
198 3495 381 3560 353-355.
405 3489 519 3581 (ἄναξ)
541 3499 544 3579 Ι
566 3488 767 3580 ἀρτίκολλον
791 3487 961 3582 (ἀγγέλου)
983 3495 987 3580 Ι
1009 3486 1190 3579 ἀπαρτίζει.

153 3625 178 3668 v.
197 3603 271 3667 431.
290 3603 364 3666 432.
388 3595 602 3687 (Ἀρτέμιδος)
627 3595 739 3678 ἄλλοις
760 3603 764 3687 Ι
785 3595 890 3666 ἄλλον
913 3594 1036 3678 ἄλλαις.

152 3731 177 3772 v.
197 3709 270 3775 507.
291 3708 364 3774 508.
387 3708 543 3792 πέμπτον
563 3709 567 3792 Ι
588 3707 769 3792 πέμπταισι
793 3708 1067 3796 (προσταχθέντα
1089 3703 1234 3794 πύλαις).

151 3837 177 3878 v.
195 3815 270 3880 654.
290 3813 364 3882 655.
388 3808 516 3901 (ἄλλος)
538 3817 542 3900 Ι
564 3807 699 3900 ἄρχοντι
723 3808 845 3899 ἄρχων.

242 4047 261 4112 Ῑ)
281 4046 412 4100 Conferas
432 4045 516 4100 verba
535 4046 564 4099 in
582 4062 645 4115 pag.
665 4045 816 4115 superiore.

241 4133 261 4198 ²)
280 4134 374 4189 Verba
392 4133 533 4203 exscripta
551 4133 661 4188 suntin
681 4151 743 4204 pag.
763 4136 806 4190 36.
