2864 4770
681 317 725 380 62

499 495 611 560 autin
634 494 803 558 formulam
826 514 847 556 a
869 513 888 556 a
911 491 975 554 bh

499 607 556 665 eut
583 639 597 650 -
705 637 719 648 -
825 597 974 663 abab

500 716 596 773 aut·
704 743 719 754 ·
823 704 930 769 abb
954 726 975 768 e

214 818 352 881 reductu.
394 817 479 894 Quos
501 816 586 879 locos
609 813 786 878 rarissimos
810 833 878 876 osse
902 811 994 875 facile
1017 811 1196 894 suspicatus
1216 811 1268 874 sie.

166 949 206 985 ια
274 922 365 987 Nono
388 923 525 1004 denique
547 922 616 986 loco
635 940 687 985 eos
704 940 812 984 vorsus
830 917 969 993 efferam,
992 919 1047 1000 qni
1066 924 1116 982 ter
1066 918 1270 982 teandem

216 1030 333 1112 singuli
355 1029 497 1094 litteram
521 1028 671 1092 exhibent
694 1028 728 1090 in
750 1026 919 1090 verborum
942 1025 1052 1089 initiis.

234 1351 258 1415 Ι.
295 1348 394 1413 Primi
417 1348 537 1415 ordinis
561 1347 778 1430 duodeviginti
802 1353 875 1412 sunt
898 1367 1001 1429 exem
998 1347 1043 1410 >le
1064 1345 1156 1409 haec:

191 1479 217 1522 v.
240 1461 267 1520 1.
291 1451 431 1539 Κάδμον
455 1459 601 1534 πολῖται
622 1446 684 1540 χρὴ
708 1453 816 1538 λέγειν
839 1446 880 1517 τὰ
904 1455 1026 1538 καίρια.

191 1565 289 1628 ulli.
312 1561 444 1639 τέκνοις
467 1584 513 1641 τε,
536 1569 576 1645 γῇ
599 1584 635 1626 τε
658 1562 766 1648 μητρὶ,
790 1543 932 1642 φιλτάτῃ
955 1565 1083 1643 τροφῷ.

123 1742 127 1748 ,
192 1693 218 1734 v.
238 1671 289 1734 23.
313 1673 424 1745 καλῶς
447 1659 489 1732 τὰ
512 1670 618 1733 πλείω
640 1664 828 1752 πόλεμος’
815 1690 852 1731 εκ
877 1671 971 1732 θεων
994 1678 1098 1749 κυρεῖ.

191 1799 218 1841 v
236 1777 288 1842 36
308 1759 462 1852 σκοποὺς
487 1774 522 1839 δὲ
545 1767 639 1899 κρῗγώ
661 1776 718 1839 καὶ
741 1781 954 1860 κατοπτῆρας
978 1778 1132 1855 στρατοῦ.

192 1905 218 1948 v.
239 1883 312 1948 207.
336 1884 517 1964 πειθαρχία
539 1877 601 1965 γάρ
626 1879 775 1967 ἐρατῆς
799 1861 1037 1965 εὐπραξίας.-
997 1883 1023 1963 1)

193 2011 220 2053 v
244 1990 378 2054 371
413 2011 439 2051 v
462 1987 602 2052 425
632 2012 658 2052 v
682 1988 827 2052 428
855 2008 882 2050 v.
905 1987 1050 2051 471.-
1079 2007 1105 2048 v
1127 1985 1206 2049 479
1233 2025 1278 2034 -

192 2096 383 2160 v..-482
414 2093 603 2160 v..-508
633 2095 828 2159 v..-542
857 2093 1050 2158 v..570-
1078 2090 1207 2155 uoce.
1235 2132 1276 2139 -

193 2225 220 2265 v.
243 2202 318 2265 581.
344 2239 384 2249 —
413 2222 439 2266 v,
464 2201 538 2266 640.
563 2240 604 2248 -
634 2224 659 2266 v.
685 2201 758 2265 773.

239 2305 288 2373 Ee
313 2306 467 2392 exempla,
498 2308 532 2371 in
559 2306 673 2389 quihus
702 2307 823 2372 vocales
851 2312 884 2370 et
912 2304 1100 2389 diphthongi
1129 2307 1277 2388 proxime

152 2416 279 2480 illarum
302 2420 454 2498 cognatae
477 2414 561 2479 inter
584 2436 617 2478 se
640 2414 832 2498 respondere
855 2414 1012 2488 videntur,
1034 2418 1071 2475 ut

195 2562 222 2603 v.
242 2540 292 2604 68.
318 2530 415 2615 εἰδώς
436 2530 479 2603 τὰ
502 2545 572 2603 τῶν
597 2534 754 2623 θύραθεν
777 2530 921 2624 ἀβλαβὴς
945 2532 1019 2601 'icen

195 2667 222 2710 v.
240 2646 314 2710 478.
311 2627 496 2721 adobed'
521 2642 736 2731 ἐπηλάλαξεν,
765 2639 942 2722 dressed*
939 2625 1053 2727 ’Ἄρεα

195 2774 222 2815 v.
242 2752 315 2815 662.
333 2733 538 2835 ανόροῑνδ’
563 2743 720 2836 ὁμαίμοιν
742 2746 893 2828 θάνατος
917 2731 988 2817 οἷότ
1005 2741 1224 2823 αὐτοκτόνος

195 2858 315 2923 uror
335 2839 469 2942 ανδρες
491 2857 716 2923 τεθνᾶσινέκ
695 2865 917 2962 κχερῶν-
875 2851 1104 2923 αυτοκτόνων.

151 2983 326 3071 promiscue
354 3003 424 3046 cum
451 2984 564 3049 ceteris
591 2982 734 3067 proferre
756 2983 856 3059 uolui,
884 2983 959 3067 quia
986 2981 1202 3062 discrepantia
1225 2986 1272 3044 set

151 3111 267 3173 magna
293 3088 461 3154 intercedit
490 3091 573 3154 inter
600 3090 656 3154 ille
684 3096 716 3153 et
742 3090 828 3154 haec.
874 3090 954 3154 Eam
982 3109 1106 3170 sempor
1128 3108 1271 3150 normam

152 3216 275 3278 sequar,
297 3202 335 3260 ut
358 3196 397 3260 de
420 3195 469 3259 his
492 3196 568 3261 locis
593 3196 765 3279 separatim
787 3196 899 3260 dicum.

241 3303 280 3368 ΙΙ,
317 3303 406 3379 Bina,
428 3325 502 3368 raro
525 3303 618 3385 plura
640 3304 744 3386 prime
766 3301 862 3367 verba
886 3302 1055 3367 concinunt
1082 3299 1201 3365 viciens
1225 3299 1272 3363 his
1296 3321 1313 3359 .·

152 3426 243 3489 locis:

244 3695 263 3751 ¹l
281 3692 424 3747 Eiusmodi
443 3694 517 3748 locos
536 3693 591 3749 huc
609 3693 708 3749 referri
731 3711 812 3764 posse
836 3694 995 3761 censebam,
1025 3693 1134 3763 quando
1164 3691 1271 3762 quidem
1290 3703 1313 3741 ι

155 3781 290 3853 posterior
313 3797 379 3851 pers
402 3783 477 3838 vocis
501 3783 722 3852 compositae-
743 3780 896 3855 εὐπραξίας
918 3784 977 3837 fere
1002 3783 1119 3837 extremi
1142 3783 1170 3835 in
1195 3797 1272 3836 versu
1285 3793 1313 3829 ι

154 3871 231 3926 verbi
258 3876 352 3940 partes
380 3871 494 3926 obtinet.
541 3873 655 3927 Prorsus
683 3873 766 3928 aliter
777 3857 970 3928 'iudicandum
994 3888 1054 3927 esse
1084 3871 1118 3925 de
1142 3889 1166 3924 v.
1187 3872 1222 3926 52
1246 3876 1271 3921 et
1289 3871 1313 3916 :l

156 3959 293 4014 similibus

394 4026 576 4102 σιδηρόφρων
594 4029 650 4103 γὰρ
668 4029 760 4101 θομὸς
784 4029 899 4107 ἀνδρεία
919 4031 1035 4119 φ-λέγων

154 4139 217 4191 luce
237 4137 399 4190 cleriust
358 4143 407 4191 est.
446 4138 485 4192 Of.
506 4157 529 4192 v
549 4140 649 4193 leuet
669 4141 727 4194 773
