2864 4770
192 133 220 173 v.
241 112 305 174 534
326 112 394 196 (u.)
414 112 479 174 535
489 113 515 197 ¹)
535 112 587 197 (cf.
607 135 633 176 v.
653 112 718 177 536
739 113 890 199 quoque):

294 209 448 302 Ἀρκάδας
473 210 557 305 ἀνὴρ
582 211 748 302 ἄκομποςι
773 212 896 304 Ἄκτωρ
921 211 1075 301 ἀδελφός.

192 345 221 388 v.
242 324 307 387 563
328 323 395 409 (u.)
415 325 481 389 564
491 325 531 411 2);
555 323 709 409 ὲγγινεῖςε
733 317 882 393 ἐπακτὸν
906 321 1138 411 ἐμβεβληκότα.

191 451 221 492 v.
241 429 307 493 574
326 428 411 516 (pn).
431 430 509 494 575:
532 435 690 511 βνθιϊονε
713 428 891 511 βλαστάνει
914 427 1133 515 βουλεύματα.

191 559 220 600 ν.
242 537 315 600 621.
335 537 414 601 622:
438 533 608 622 πιιτρῴοιςε
631 534 740 621 πάγχυ
764 539 1000 614 Πολυνείκους.
1071 575 1072 578 =

193 665 222 706 v.
243 643 317 706 665.
337 644 416 707 666:
439 642 569 728 xa'priog:
593 651 709 709 κακοῦν
734 636 904 708 εὐκλείαν.

194 773 221 813 v.
242 749 316 815 670.
337 750 416 813 671:
439 742 548 835 xoipv':
572 758 661 836 κῦμα
684 754 859 815 Κωκυτοῦ.

196 879 222 920 v.
244 856 307 920 779
328 858 395 941 (u).
416 857 494 921 78οι
518 853 736 941 προστάτοιςε
760 850 893 922 πλεῖστ’
916 853 1124 941 πυλώμασιν.

194 985 221 1025 v.
244 961 309 1026 796
329 962 395 1049 (u).
417 963 494 1027 797:
517 959 623 1047 arion:
646 960 749 1029 πόλιν
772 960 1001 1048 πράσσουσαν.

195 1092 222 1133 v.
246 1068 556 1155 1029(pr.).103oz
579 1063 734 1154 rprixov':
758 1065 902 1157 τιμήσεις
925 1065 1033 1154 τάμοι.

243 1195 438 1277 Quamquam
461 1194 545 1259 infra
568 1196 676 1260 dedita
700 1216 796 1278 opere
822 1196 855 1258 iu
879 1217 949 1260 eam
976 1196 1152 1279 inquiretur
1178 1219 1274 1280 quae·

158 1301 301 1377 aionem,
329 1322 392 1383 qua
419 1322 525 1366 versus
553 1303 627 1367 sede
653 1302 775 1385 positae
798 1302 863 1366 sint
886 1323 976 1366 voces
1000 1323 1069 1378 eae,
1097 1303 1274 1386 dequibus

158 1415 266 1491 agatur
294 1408 327 1471 in
358 1408 418 1472 heo
445 1408 720 1484 commentatione,
752 1414 859 1472 tamen
887 1429 949 1472 non
977 1407 1120 1473 dubitavi
1151 1417 1275 1492 partem

158 1515 378 1598 disputationis
401 1514 485 1580 illius
508 1515 570 1579 huo
593 1514 781 1598 anticipare,
809 1514 884 1596 quia
910 1516 1148 1597 percommodus
1171 1521 1275 1581 trans—

158 1623 217 1685 itus
246 1620 283 1685 fit
309 1642 367 1705 per
393 1621 472 1685 haee
495 1621 639 1704 exempla
666 1619 706 1685 ab
735 1621 789 1698 eiS,
816 1642 898 1704 quae
925 1621 1068 1704 proxime
1094 1627 1168 1687 ante
1192 1644 1275 1687 oom-

156 1729 335 1804 memoravi,
359 1728 400 1792 ad
423 1749 469 1804 ea,
488 1748 569 1809 quae
592 1733 703 1811 postea
725 1735 903 1810 sequentur.
940 1729 1084 1794 Breviter
1107 1729 1206 1813 igitur
1228 1731 1276 1792 iu-

154 1835 204 1898 fra
226 1835 306 1900 haee
328 1834 522 1916 quaestionis
544 1855 618 1918 pars
642 1856 751 1899 rursus
774 1835 962 1917 attingenda
985 1837 1054 1900 erit.

243 1941 442 2006 Duodeoieus
460 1941 583 2024 singula
601 1939 698 2005 verba
715 1941 827 2004 ultimo
846 1942 924 2017 loco,
943 1942 1066 2008 sexiens
1085 1944 1188 2027 primo
1208 1943 1275 2008 loco

152 2049 261 2132 posita
287 2068 355 2112 esse
383 2048 531 2112 videmus.
582 2048 674 2111 Prius
701 2068 799 2130 genus
831 2047 865 2111 in
895 2046 957 2111 hoe
984 2049 1094 2114 ordine
1125 2050 1276 2114 maiorem

152 2153 254 2220 habet
276 2158 487 2229 venustatem,
514 2156 590 2236 quia
612 2153 656 2219 ibi
680 2175 773 2236 quam
797 2152 926 2217 minimo
950 2151 1019 2217 fieri
1045 2161 1150 2236 potest
1172 2157 1276 2238 spatio

152 2263 240 2326 inter
262 2281 295 2324 se
319 2261 511 2325 dirimuntur
534 2259 631 2325 verba
653 2281 699 2336 ea,
722 2259 764 2323 ad
787 2280 868 2342 quae
890 2259 977 2324 lusus
1004 2259 1182 2324 litterarum
1203 2283 1276 2344 per-

151 2370 245 2434 tinet.
290 2367 383 2432 Haud
413 2367 510 2450 igitur
539 2366 618 2431 male
641 2388 698 2431 nos
721 2365 832 2443 habet,
861 2367 945 2449 quod
969 2387 1078 2431 eorum
1100 2368 1200 2432 maior
1224 2390 1276 2432 ox-

151 2480 222 2540 stat
244 2495 401 2538 uumerus.

245 2580 294 2644 Ex
317 2580 363 2644 eis
387 2579 550 2663 exemplis,
577 2600 659 2663 quae
680 2580 717 2667 b)
741 2580 831 2663 signo
854 2580 961 2644 notavi
987 2617 1025 2628 -—
1050 2600 1181 2645 numero
1204 2589 1277 2646 sunt

151 2688 270 2770 viginti
293 2687 357 2751 tria
380 2725 422 2733 —
447 2687 584 2770 quinque
607 2708 703 2769 supra
711 2689 739 2773 ³)
763 2687 862 2751 allata
884 2692 958 2750 suut
981 2685 1072 2750 haec:
1217 2673 1222 2681 ⁵

204 2816 230 2857 v.
250 2795 279 2860 e.
300 2795 328 2857 ι.
348 2792 421 2880 (ιιι

317 2885 503 3005 Ἐτεοκλέης
526 2909 568 2982 ἂν
592 2911 638 2994 εἷς
658 2908 765 2994 πολὺς
787 2896 874 2981 anti
896 2912 1018 2981 πτόλιν

318 3016 454 3107 ὑμνοῖθ’
478 3016 536 3089 ὑπ’
559 3016 672 3089 ἀστῶν
696 3024 864 3110 φροιμίοις
886 3018 1125 3108 πολυρρόθοις.

202 3173 229 3214 v.
254 3151 305 3214 31.
329 3149 372 3212 32
396 3149 481 3236 (pr).
505 3189 548 3198 -
571 3171 597 3214 v.
622 3150 694 3213 244.
720 3148 793 3212 245.
819 3188 861 3195 -
890 3171 916 3212 v.
941 3148 1013 3210 786.
1040 3147 1102 3212 787
1127 3147 1211 3233 (pn).
1238 3187 1277 3196 -—

205 3278 232 3320 s.
256 3256 330 3320 989.
354 3257 420 3321 990
444 3258 529 3342 (pn).

151 3364 313 3430 accedunt
335 3364 428 3427 haee:

254 3579 270 3641 ¹)
290 3576 330 3630 uf.
350 3592 412 3644 pag.
432 3577 473 3629 40.

251 3664 272 3731 ²)
292 3664 332 3718 ef.
351 3679 413 3732 pag.
433 3665 476 3718 41.

252 3752 272 3819 ³)
291 3754 322 3805 In
338 3770 363 3820 p.
374 3753 408 3807 46
419 3759 447 3807 et
456 3753 499 3817 47,
514 3751 561 3805 ubi
577 3766 611 3803 ex
626 3754 651 3804 et
663 3749 750 3803 classe
760 3766 842 3803 unum
854 3755 896 3804 est
910 3749 1066 3818 exemplum
1077 3765 1101 3804 v.
1113 3750 1190 3803 1032.
1202 3748 1279 3801 1033.

1103 3841 1119 3891 4
