2864 4770
630 310 673 374 53

138 511 163 552 v.
177 487 249 553 783.
261 489 333 552 784.
347 488 424 551 785:
444 479 588 563 παλαιάς
601 570 602 575 ¹
615 495 743 572 πρῦγος
760 485 858 553 πόλει
877 481 988 573 παρὸν
1001 533 1004 576 ,
1017 485 1115 566 πόλις
1130 491 1214 577 (μα),

140 617 164 656 v.
188 594 280 659 1005.
303 596 402 659 1006:
431 587 572 675 ταφέντ’
600 587 734 678 ἀτίμως
760 587 981 678 τούπιτίμιον
1006 595 1010 680 l
1036 593 1213 681 τυμβοχόα.

139 725 165 764 v.
188 703 280 766 1008.
303 702 400 765 1009:
425 694 544 783 άτιμον
568 701 644 787 (pr.)
665 704 669 784 l
689 710 829 767 τοιαῦτα
852 702 940 786 τῷόἐ
963 701 1058 767 τέλει.

185 809 339 890 Exempla
361 809 448 884 talia,
472 809 565 890 quale
588 815 637 874 est
660 809 690 871 in
716 830 743 872 v.
766 808 938 875 165.166:

202 913 466 1000 πυργηρουμένῳ
487 913 546 1001 (u)
567 914 571 1002 Ι
591 911 759 990 πεσούσας
776 908 863 1000 πρὸς
881 910 1116 998 πολισσούχων

92 1023 147 1084 vix
173 1022 236 1087 huc
262 1043 426 1105 possumus
454 1021 586 1098 referre,
618 1022 745 1104 quando
773 1023 901 1105 quidem
928 1044 1041 1105 parum
1068 1023 1217 1106 ponderis

93 1134 129 1192 et
151 1128 352 1193 auctoritatis
375 1129 459 1194 inest
481 1130 515 1192 in
538 1128 833 1212 praepositionibus.

185 1235 292 1299 Etiam
314 1256 353 1300 ex
375 1235 424 1300 his
444 1236 594 1319 exemplis
613 1235 765 1300 nonnulla
786 1236 851 1300 iam
874 1257 971 1318 supra
993 1234 1216 1301 afferebantur.

186 1343 317 1407 Poetam
339 1342 372 1406 in
395 1341 445 1407 his
463 1341 606 1408 versibus
624 1343 798 1408 formandis
820 1341 1042 1425 vocabulisque
1066 1342 1218 1426 eligendis

94 1450 203 1514 sensui
240 1450 365 1514 cuidam
403 1449 535 1514 inscium
568 1450 713 1514 serviisse
746 1470 815 1514 eam
848 1449 993 1534 equidem
1029 1451 1217 1514 sententiam

93 1556 348 1638 amplectendam
376 1556 455 1620 mihi
487 1578 555 1622 esse
582 1555 760 1632 censebam,
792 1561 960 1638 postquem
991 1557 1116 1638 saepius
1148 1579 1219 1640 per-

94 1663 231 1728 lustravi
254 1669 287 1726 et
310 1663 484 1727 examinavi
509 1683 562 1727 eos
585 1663 678 1728 locos,

188 1767 339 1833 Maiorem
364 1771 461 1833 etiam
484 1769 545 1833 sibi
568 1768 751 1834 libertatem
773 1770 907 1835 indulsit
929 1775 1024 1852 poeta
1046 1771 1078 1833 in
1104 1771 1220 1834 consti·

96 1876 218 1939 tuendo
242 1876 352 1940 ordine
376 1877 600 1942 vocabulorum
622 1878 763 1943 eiusdem
786 1875 948 1960 principii,
965 1874 1026 1940 ubi
1049 1877 1090 1940 ad
1113 1877 1220 1959 plures

96 1988 189 2065 patet
212 2003 320 2048 versus
344 1983 400 2048 illa
422 1983 546 2048 litteras
569 1984 752 2049 cumulandi
776 1983 977 2049 consuetudo.

189 2088 227 2152 ln
260 2090 304 2153 eis
337 2091 487 2173 exemplis
520 2090 709 2172 quaerendis
741 2092 842 2155 maior
874 2089 984 2166 etiam,
1020 2100 1116 2172 quam
1148 2095 1222 2153 ante

97 2195 206 2261 cautio
230 2195 413 2261 adhibenda
439 2203 522 2272 erat,
549 2218 588 2260 ne
616 2196 710 2261 nimis
734 2217 848 2280 operae
873 2195 1066 2261 Graecorum
1093 2196 1222 2260 auribus

98 2306 258 2387 imputare
285 2303 471 2368 videremur.
518 2303 666 2385 Aliquam
693 2325 768 2368 sane
795 2304 859 2367 vim
886 2304 1014 2374 insitam
1042 2325 1110 2368 esse
1137 2307 1223 2367 certe

96 2411 152 2474 liis
172 2409 336 2492 ‚exemplis
368 2410 446 2474 mihi
477 2410 626 2493 persuasi.
681 2410 787 2476 Pauca
818 2410 962 2491 exempla
993 2431 1127 2493 quorum
1160 2408 1222 2472 iam

97 2516 179 2583 alibi
201 2517 321 2581 mentio
345 2517 430 2581 facta
453 2523 501 2581 est
524 2517 629 2581 redire
651 2538 743 2581 nemo
766 2516 942 2581 mirabitur.

147 2646 175 2688 v.
196 2624 341 2688 ‘aa—33:
365 2629 645 2709 νυκτηγορεῖσθαι
668 2615 926 2703 κάπιβυυλεύειν
948 2617 1050 2687 πόλει

367 2721 437 2793 ἄλλ’
461 2726 494 2806 ἔς
517 2722 550 2793 τ)
575 2725 726 2810 ἐπάλξεις
749 2731 805 2795 καὶ
827 2724 939 2805 πύλας
962 2725 1203 2813 πυργωμάτων

367 2829 518 2922 ὁρμᾶσθε
542 2833 681 2915 πάντες,
705 2842 832 2901 σοῦσθε
857 2827 919 2900 σύν
942 2834 1140 2922 παντευχίᾳ,

367 2947 542 3030 πληροῦτε
568 2949 752 3028 θωρακεῖα,
775 2935 859 3007 κάπὶ
883 2940 1039 3024 σέλμασιν

365 3046 509 3135 πύργων
533 3046 690 3135 στάθητε,
714 3050 770 3114 καὶ
793 3052 917 3112 πυλῶν
942 3039 998 3113 ἐπ’
1022 3044 1158 3128 ἐξόδοις.

150 3179 176 3221 v.
197 3157 343 3221 69-71:
367 3145 396 3219 oi
419 3160 485 3222 Ζεῦ
508 3179 543 3220 τε
567 3159 624 3222 καὶ
647 3159 708 3242 Γῆ,
732 3157 789 3241 καὶ
810 3159 1032 3238 πολισσοῦχοι
1054 3155 1143 3233 θεοί,

369 3256 443 3349 Ἆρά
467 3256 500 3327 τ’
524 3255 648 3348 Ἐρινύς
671 3253 803 3345 πατρὸς
827 3254 847 3347 ἦ
870 3257 1089 3345 μεγασθενής,

367 3366 412 3456 μή
435 3394 492 3454 μοι
513 3366 622 3436 πόλιν
644 3392 680 3452 γε
704 3367 908 3453 πρίμνοθεν
930 3361 1172 3450 πανώλεθρον.

103 3498 133 3540 v.
153 3476 344 3542 aot-359:
368 3469 414 3554 ὥς
439 3470 467 3542 τ’
493 3475 529 3541 ἐν
552 3472 676 3552 πύλαις
700 3471 990 3558 ἕκαστοςείληχεν
1012 3457 1138 3537 πάλον.

375 3577 495 3661 Τυδεύς
517 3583 578 3666 μὲν
601 3576 663 3667 ἤδη
686 3573 773 3666 πρὸς
795 3576 937 3646 πύλαισι
961 3579 1144 3662 Προιτίσιν

370 3690 496 3775 βρέμει,
522 3685 642 3774 πόρον
671 3681 704 3753 ‹5'
731 3678 881 3773 Ἰσμηνὸν
909 3677 972 3750 οὐκ
1000 3683 1037 3772 ἐᾷ
1069 3691 1181 3768 περᾶν
1210 3676 1229 3747 ὁ

854 3815 979 3876 μαντις.

105 3931 134 3971 v.
154 3906 346 3970 474-477:
369 3899 552 3989 πυρπνόον
573 3904 577 3989 Ι
597 3895 705 3988 πυρὸς
725 3903 729 3989 l
750 3895 969 3966 πλεκτάναισι
987 3916 990 3986 γ
1007 3897 1211 3982 περίδρομον

244 4095 250 4106 ¹
371 4006 649 4097 προσηδάφισται.

107 4145 136 4187 v.
156 4120 345 4185 534—536:
369 4112 509 4205 Ἀρκάδα
530 4121 534 4200 l
556 4110 640 4205 άνὴρ
664 4110 816 4200 άκομπος
837 4115 841 4198 Ι
862 4107 986 4196 Ἄκτωρ
1011 4103 1164 4192 άάελφός.
