2864 4770
695 307 738 372 26

285 485 388 564 ἵππος
409 491 558 570 χαλινῶν
583 479 615 550 δ’
640 478 686 563 ὡς
709 487 982 568 κατασθμαίνων
1005 484 1140 569 βρέμει,

285 585 376 670 ὅστις
398 584 482 678 βοὴν
507 588 686 678 σάλπιγγος
710 585 865 676 όργαὶνει
888 591 1065 676 μέν)οον,1)

155 703 188 766 in
211 701 343 784 singulis
365 699 507 765 versibus
530 706 737 765 conectuntur

199 830 225 871 v.
244 807 318 872 439.
343 805 441 887 λέξιν·
470 807 573 891 τρίτῳ
597 798 659 890 γὰρ
678 799 838 890 Ἐτεόκλῳ
862 807 974 891 τρίτος
996 799 1111 882 κάλος.

199 936 225 979 v.
245 914 318 978 614.
343 911 415 989 οἵας
438 905 559 998 ἀρᾶται
582 915 637 978 καὶ
661 908 856 996 κατεύχεται
879 908 987 994 τύχας.

200 1043 226 1085 v.
246 1021 320 1085 662.
344 1011 484 1103 ἀνδροῖν
508 1011 542 1084 δ’
564 1012 720 1103 ὁμαίμοιν
740 1013 890 1095 θάνατος
914 1007 977 1083 oto'
998 1010 1215 1095 αὐτοκτόνος.

153 1128 202 1193 Ea
225 1127 368 1210 exempla
389 1125 507 1191 facient
530 1126 606 1192 satis
629 1127 671 1192 ad
694 1126 892 1209 probandum
915 1125 957 1202 id,
980 1125 1065 1207 quod
1089 1125 1183 1189 volui.

243 1233 306 1298 Sed
327 1232 461 1298 forsitan
485 1233 602 1296 dixerit
624 1233 781 1315 quispiam
804 1253 911 1298 omnes
934 1252 987 1296 eas
1009 1232 1212 1314 quaestiones
1236 1231 1274 1295 ad

153 1340 345 1407 rhetoricam
367 1340 473 1422 potius
497 1344 607 1415 artem,
630 1360 725 1421 quam
747 1339 789 1402 ad
812 1338 969 1422 poeticam
992 1338 1041 1402 vel
1063 1337 1274 1422 rhythmicam

153 1448 320 1531 pertinere.

241 1554 346 1636 Atque
368 1553 429 1617 hoo
452 1552 580 1618 concedi
603 1556 717 1635 potest,
740 1553 930 1634 quamquam
953 1551 1153 1633 aliquantum
1176 1551 1273 1615 inter-

153 1666 201 1725 est
228 1659 322 1724 etiam
351 1660 412 1724 hac
444 1660 477 1723 in
504 1681 540 1723 re
572 1658 656 1722 inter
683 1659 860 1723 orationem
890 1678 1018 1742 prosam
1043 1663 1076 1723 et
1107 1658 1272 1740 poeticam.

152 1766 235 1832 Nam
257 1787 403 1831 versuum
425 1765 605 1849 rhythmus,
632 1786 733 1849 aequo
756 1786 879 1848 semper
902 1765 1002 1848 gradu
1025 1763 1188 1840 incedens,
1212 1764 1274 1828 aha

151 1895 280 1958 prorsus
299 1871 431 1956 praebet
449 1872 656 1936 fundamenta
673 1874 736 1937 arti
757 1871 833 1936 huio
850 1871 1053 1948 factitandae,
1071 1891 1274 1934 numerorum

152 1985 267 2045 natura
293 1977 410 2042 finibus
437 1979 619 2043 certissimis
647 1979 867 2062 circumsaepit
894 1976 1048 2043 eiusmodi
1080 1982 1274 2052 ornamenta,

131 2107 285 2172 quorum
311 2085 410 2150 multo
438 2087 538 2151 maior
566 2092 614 2151 est
645 2084 777 2150 libertas
808 2106 905 2168 penes
936 2084 1093 2168 pedestris
1121 2084 1274 2149 sermonis

153 2194 348 2278 scriptorem.

241 2299 382 2364 Laudem
410 2305 442 2363 et
468 2298 603 2381 gloriam
630 2298 782 2363 orationis
810 2301 927 2381 optime
955 2297 1109 2363 eiusmodi
1136 2296 1274 2362 flosculis

154 2412 324 2472 exornatae
351 2405 684 2489 praestantissimoque
712 2405 925 2470 conformatae
958 2403 1023 2469 fere
1051 2404 1184 2469 eandem
1217 2404 1274 2467 tri-

154 2513 310 2579 buendam
334 2533 401 2578 esse
424 2518 456 2576 et
478 2518 591 2594 poetae
615 2516 647 2576 et
670 2511 817 2595 scriptori
840 2533 947 2577 omnes
970 2513 1179 2576 consentiunt.

241 2620 344 2698 Quam
361 2619 485 2683 laudem
506 2619 705 2684 ornatissimo
720 2618 953 2701 cultissimequc
972 2619 1098 2682 dicendi
1117 2617 1273 2701 Aeschylo

152 2725 341 2809 fabulaeque
368 2726 412 2800 ei,
439 2745 533 2807 quam
560 2730 745 2814 tractamus,
777 2746 897 2790 summo
925 2726 993 2788 iure
1021 2724 1100 2788 mihi
1132 2723 1275 2789 tribuere

152 2833 306 2917 videor.²)

242 2938 303 3005 Sed
327 2939 407 3004 haec
429 2938 581 3003 hactenus
605 2938 644 3002 de
662 2955 808 3003 versuum
832 2945 864 3004 et
886 2938 1052 3004 verborum
1075 2937 1274 3004 terminatio-

152 3045 253 3111 nibus.

242 3242 261 3307 ¹)
280 3240 322 3295 Nc
348 3245 462 3308 recepta
485 3237 596 3307 quidem
620 3238 789 3295 correctione
812 3239 963 3310 Freyiana,
993 3255 1074 3309 quam
1098 3241 1275 3295 commendat

151 3327 320 3383 Ritsohelius
340 3344 432 3397 opusc.
452 3328 465 3380 Ι
488 3345 514 3397 p.
535 3330 595 3394 308,
620 3328 736 3383 multum
760 3329 938 3383 conturbatur
961 3335 1055 3383 nostra
1073 3328 1108 3383 de
1132 3330 1185 3383 hoc
1214 3329 1275 3384 loco

153 3432 255 3470 omro.

170 3433 188 3485 p
242 3505 262 3572 ὓ)
282 3504 412 3560 Conseras
432 3505 514 3560 velim
535 3505 619 3560 totius
638 3505 728 3561 libelli
748 3505 899 3560 clausulam
918 3512 954 3575 (p.
975 3508 1008 3560 76
1028 3511 1057 3560 ct
1076 3507 1127 3572 77).
