2872 4784
693 318 734 382 76

136 578 137 582 ¹
241 493 474 578 Repetitionem
501 495 681 560 litterarum
708 496 907 578 quarundam
935 495 1064 561 Graecis
1091 496 1183 562 valde
1213 495 1299 560 dis-

105 629 107 635 ·
153 602 300 686 plicuisse
323 614 362 666 cx
384 601 597 684 compluribus
625 602 904 686 grammaticorum
925 603 1003 667 locis
1026 603 1193 680 discimus,
1221 602 1290 667 ubi

7 740 10 745 >
46 763 48 767 .
155 711 274 776 dictum
297 714 346 774 est
368 708 541 774 carendum
559 729 627 774 esse
650 731 690 774 ne
712 708 838 774 litterae
857 710 1013 793 quaedam
1036 710 1278 796 cumulentur.¹)

243 816 306 882 Sed
324 816 450 883 illorum
468 816 746 900 grammaticorum
763 816 881 882 iudicio
900 838 964 882 non
982 818 1115 882 nimium
1133 816 1275 882 tribuen-

155 926 230 990 dum
248 930 296 989 est
315 930 410 1007 atque
429 924 470 988 ad
489 923 706 1006 quaestionem
724 928 866 989 nostram
883 929 1055 1007 praecepta
1072 924 1129 990 illa
1149 925 1271 990 omnino

154 1054 216 1098 non
239 1031 401 1115 pertinere
423 1030 578 1094 videntur.

244 1140 382 1218 Quaeret
413 1137 527 1221 aliquis
563 1137 827 1222 quemadmodum
862 1139 1038 1222 explicetur
1073 1159 1192 1222 magna
1222 1137 1275 1202 illa

155 1247 350 1330 frequentiae
382 1244 613 1327 discrepantia?
667 1244 805 1311 Maxime
843 1246 915 1311 inde
952 1247 1173 1330 explicandam
1211 1265 1276 1309 esse

155 1375 213 1419 nos
240 1353 391 1428 ducimus,
419 1352 503 1434 quod
531 1352 563 1415 in
588 1373 731 1418 sermone
755 1353 876 1418 Graeco
903 1353 1004 1420 maior
1031 1374 1181 1418 numerus
1209 1374 1276 1418 ver·

155 1461 269 1527 borum
292 1460 332 1524 ab
353 1483 384 1539 o,
403 1458 432 1538 d,
455 1482 486 1538 κ,
513 1481 546 1542 μ,
563 1482 600 1538 rc,
624 1479 652 1538 o,
675 1481 705 1538 τ,
728 1483 754 1542 φ
773 1460 992 1543 incipientium
1006 1466 1130 1524 exstare
1143 1460 1280 1536 videtur,

156 1551 867 1651 quamverbcrumad,sss,}]q,rl,t,i,
891 1552 1280 1651 {fg-,dp-,raffad

157 1673 380 1757 incipientium.
430 1671 548 1736 Utrum
574 1673 705 1737 accedat
731 1694 841 1738 sensus
868 1674 998 1757 quidam
1026 1681 1058 1738 et
1090 1674 1233 1739 studium
1263 1695 1284 1738 a

156 1787 271 1847 natura
293 1780 431 1856 insitum,
449 1778 564 1862 quibus
582 1784 696 1861 poetae
714 1780 796 1844 hanc
814 1781 864 1844 vel
887 1780 975 1845 illam
993 1781 1135 1845 litteram
1153 1782 1284 1865 saepius

156 1910 273 1972 ponere
296 1883 451 1962 vetentur,
474 1886 543 1970 quis
566 1891 670 1969 neget,
693 1889 763 1971 quis
786 1885 942 1952 affirmet?

247 1995 310 2059 Cur
332 1993 441 2058 dedita
463 2014 560 2075 opera
581 1992 647 2058 fere
670 2015 761 2058 nemo
780 1995 884 2060 adhuc
907 1995 993 2078 quod
1015 1995 1155 2079 linguam
1180 1995 1285 2062 Grae-

158 2125 226 2168 cam
249 2101 374 2176 attinet,
397 2100 430 2162 in
452 2100 532 2164 tales
556 2106 640 2165 artes
663 2101 803 2184 poeticas
826 2101 1015 2185 inquisierit,
1038 2102 1111 2167 inde
1134 2103 1285 2188 intellegi

156 2211 288 2295 poterit,
320 2207 403 2290 quod
435 2228 536 2290 neque
568 2208 609 2272 ad
641 2214 742 2272 artem
773 2203 938 2274 metricam
969 2230 1071 2293 neque
1103 2211 1145 2274 ad
1178 2216 1287 2276 artem

157 2316 348 2381 rhetoricam
375 2314 431 2378 illa
458 2311 594 2379 artificia
621 2321 764 2396 spectare
791 2316 947 2380 videntur.
996 2316 1148 2382 Neutrius
1181 2318 1287 2401 igitur

158 2426 237 2490 artis
258 2422 409 2488 tractatio
432 2421 611 2504 attingebat
633 2421 717 2487 huno
740 2423 830 2507 quasi
852 2423 1076 2507 interp‘ositum
1098 2423 1186 2488 inter
1210 2425 1287 2490 illas

68 2595 69 2598 ,
159 2554 311 2614 campum.

247 2639 286 2702 In
308 2642 381 2701 utra
399 2642 468 2702 arte
486 2637 603 2702 versati
620 2658 678 2701 nos
698 2659 766 2702 esse
784 2637 876 2703 nobis
895 2638 1067 2715 videamur,
1089 2639 1117 2702 si
1140 2639 1287 2722 quaeris:

159 2747 269 2811 codem
292 2746 360 2808 iure
383 2744 446 2808 dici
468 2744 586 2826 poterit
608 2745 795 2828 inutraque
814 2750 910 2828 atque
934 2745 967 2808 in
985 2750 1107 2810 neutra.
1143 2746 1189 2809 At
1208 2768 1287 2812 vero

158 2853 270 2918 melius
301 2851 452 2916 iudicium
483 2851 662 2928 fecerimus,
694 2853 721 2916 si
754 2852 925 2916 dixerimus
957 2853 1003 2917 nil
1035 2855 1189 2917 interesse
1219 2875 1286 2938 quo

159 2961 284 3026 nomine
307 2958 496 3043 appellanda
519 2959 560 3022 sit
583 2960 645 3023 ista
663 2959 807 3050 doctrina
830 2960 857 3022 si
881 2980 943 3043 qua
966 2965 1022 3024 est.
1059 2960 1103 3023 At
1124 2959 1286 3043 philologi

160 3089 226 3133 esse
249 3067 327 3132 talia
350 3087 474 3150 quoque
496 3087 607 3130 curare
629 3067 681 3129 vix
704 3067 870 3150 quisquam
893 3066 1029 3149 negabit.

247 3173 319 3239 Non
341 3173 443 3238 solum
465 3174 498 3237 in
521 3194 663 3238 sermone
686 3174 809 3256 poetico
832 3174 1008 3239 sedetiam
1034 3174 1067 3237 in
1090 3195 1185 3257 prosa
1210 3196 1285 3240 ora·

160 3283 246 3346 tione
269 3280 513 3345 allitterationes
536 3286 569 3343 ct
591 3280 671 3344 alias
698 3279 732 3343 id
760 3301 858 3362 genus
880 3279 999 3363 figuras
1021 3286 1191 3364 usurpatas
1214 3302 1286 3347 esse

160 3393 291 3454 constat.
337 3386 496 3452 Sermonis
520 3388 683 3471 utriusque
707 3387 740 3450 hi
763 3391 837 3451 smrt
860 3388 950 3470 quasi
974 3408 1154 3452 communes
1177 3386 1286 3466 flores,

160 3494 350 3561 adminicula
381 3495 552 3559 concinnae
584 3495 749 3572 orationis,
784 3494 862 3558 item
894 3494 935 3558 ab
971 3493 1139 3572 histrione,
1171 3502 1209 3560 ut
1242 3497 1285 3561 ab

160 3608 286 3667 oratore
314 3602 467 3677 adamati,
499 3601 573 3684 quia
599 3622 659 3666 vox
686 3601 719 3667 in
746 3601 791 3665 eis
818 3601 987 3684 requiescit
1014 3602 1151 3685 quodam
1179 3605 1286 3669 modo.

160 3710 219 3774 Est
251 3708 306 3772 ubi
338 3713 479 3773 transeat
511 3729 606 3792 prosa
637 3709 740 3773 oratio
773 3708 814 3773 ad
846 3709 1002 3790 poeticam
1034 3716 1130 3792 atque
1157 3711 1286 3792 ¹optime

162 3817 271 3881 Cicero
295 3817 334 3879 de
358 3837 402 3880 or.
426 3815 484 3890 III,
507 3815 560 3891 47,
587 3816 663 3880 184:

253 4068 270 4124 1)
291 4065 421 4119 Cont'eras
444 4064 578 4117 Lobeckii
601 4064 826 4133 paralipomenon
850 4063 1047 4132 grammaticae
1071 4080 1189 4132 graecae
1218 4083 1247 4134 p.
1268 4067 1285 4120 3

161 4156 307 4224 proximas.
