<?xml version="1.0" encoding="UTF-8"?>
<!DOCTYPE html PUBLIC "-//W3C//DTD XHTML 1.0 Transitional//EN"
    "http://www.w3.org/TR/xhtml1/DTD/xhtml1-transitional.dtd">
<html xmlns="http://www.w3.org/1999/xhtml" xml:lang="en" lang="en">
 <head>
  <title>
</title>
<meta http-equiv="Content-Type" content="text/html;charset=utf-8" />
  <meta name='ocr-system' content='tesseract 3.04.00' />
  <meta name='ocr-capabilities' content='ocr_page ocr_carea ocr_par ocr_line ocrx_word'/>
</head>
<body>
  <div class='ocr_page' id='page_1' title='image "./dearteaeschylio00beergoog_0029.png"; bbox 0 0 2864 4770; ppageno 0'>
   <div class='ocr_carea' id='block_1_1' title="bbox 775 292 818 355">
    <p class='ocr_par' dir='ltr' id='par_1_1' title="bbox 775 292 818 355">
     <span class='ocr_line' id='line_1_1' title="bbox 775 292 818 355; baseline 0 0"><span class='ocrx_word' id='word_1_1' title='bbox 775 292 818 355; x_wconf 89' lang='grc'>22</span> 
     </span>
    </p>
   </div>
   <div class='ocr_carea' id='block_1_2' title="bbox 237 468 1369 4179">
    <p class='ocr_par' dir='ltr' id='par_1_2' title="bbox 237 468 1364 1176">
     <span class='ocr_line' id='line_1_2' title="bbox 237 468 1362 563; baseline 0.004 -31"><span class='ocrx_word' id='word_1_2' title='bbox 237 474 403 534; x_wconf 77' lang='lat' dir='ltr'><strong>vertamus.</strong></span> <span class='ocrx_word' id='word_1_3' title='bbox 453 469 587 535; x_wconf 81' lang='lat' dir='ltr'>Prorsus</span> <span class='ocrx_word' id='word_1_4' title='bbox 618 469 711 535; x_wconf 87' lang='lat' dir='ltr'>aliter</span> <span class='ocrx_word' id='word_1_5' title='bbox 743 492 793 536; x_wconf 80' lang='lat' dir='ltr'>ras</span> <span class='ocrx_word' id='word_1_6' title='bbox 826 492 894 537; x_wconf 79' lang='lat' dir='ltr'>sese</span> <span class='ocrx_word' id='word_1_7' title='bbox 925 468 1066 536; x_wconf 82' lang='lat' dir='ltr'>habebat</span> <span class='ocrx_word' id='word_1_8' title='bbox 1093 472 1191 563; x_wconf 12' lang='lat' dir='ltr'>apud?</span> <span class='ocrx_word' id='word_1_9' title='bbox 1207 472 1362 538; x_wconf 82' lang='lat' dir='ltr'>Graecos:</span> 
     </span>
     <span class='ocr_line' id='line_1_3' title="bbox 238 576 1363 661; baseline 0.002 -21"><span class='ocrx_word' id='word_1_10' title='bbox 238 577 355 641; x_wconf 81' lang='lat' dir='ltr'><strong>etenim</strong></span> <span class='ocrx_word' id='word_1_11' title='bbox 383 598 454 641; x_wconf 91' lang='lat' dir='ltr'>cum</span> <span class='ocrx_word' id='word_1_12' title='bbox 480 576 537 641; x_wconf 90' lang='lat' dir='ltr'>illa</span> <span class='ocrx_word' id='word_1_13' title='bbox 564 597 712 642; x_wconf 87' lang='lat' dir='ltr'>sonorum</span> <span class='ocrx_word' id='word_1_14' title='bbox 740 578 915 644; x_wconf 83' lang='lat' dir='ltr'>similitudo</span> <span class='ocrx_word' id='word_1_15' title='bbox 944 599 1000 643; x_wconf 91' lang='lat' dir='ltr'>sua</span> <span class='ocrx_word' id='word_1_16' title='bbox 1027 584 1139 661; x_wconf 84' lang='lat' dir='ltr'>sponte</span> <span class='ocrx_word' id='word_1_17' title='bbox 1165 578 1268 661; x_wconf 85' lang='lat' dir='ltr'>poetis</span> <span class='ocrx_word' id='word_1_18' title='bbox 1293 599 1363 643; x_wconf 78' lang='lat' dir='ltr'>sese</span> 
     </span>
     <span class='ocr_line' id='line_1_4' title="bbox 239 682 1363 766; baseline -0.002 -17"><span class='ocrx_word' id='word_1_19' title='bbox 239 682 401 760; x_wconf 85' lang='lat' dir='ltr'>offerebat,</span> <span class='ocrx_word' id='word_1_20' title='bbox 423 684 468 748; x_wconf 93' lang='lat' dir='ltr'>nil</span> <span class='ocrx_word' id='word_1_21' title='bbox 492 683 650 760; x_wconf 80' lang='lat' dir='ltr'>obstabat,</span> <span class='ocrx_word' id='word_1_22' title='bbox 673 683 749 766; x_wconf 89' lang='lat' dir='ltr'>quin</span> <span class='ocrx_word' id='word_1_23' title='bbox 772 705 811 748; x_wconf 90' lang='lat' dir='ltr'>ca</span> <span class='ocrx_word' id='word_1_24' title='bbox 833 685 875 749; x_wconf 89' lang='lat' dir='ltr'>ad</span> <span class='ocrx_word' id='word_1_25' title='bbox 898 684 1074 749; x_wconf 86' lang='lat' dir='ltr'>ornandam</span> <span class='ocrx_word' id='word_1_26' title='bbox 1096 684 1272 750; x_wconf 78' lang='lat' dir='ltr'>oraticnem</span> <span class='ocrx_word' id='word_1_27' title='bbox 1291 689 1363 749; x_wconf 85' lang='lat' dir='ltr'>utc-</span> 
     </span>
     <span class='ocr_line' id='line_1_5' title="bbox 238 789 1364 874; baseline 0.001 -20"><span class='ocrx_word' id='word_1_28' title='bbox 238 796 358 867; x_wconf 79' lang='lat' dir='ltr'><strong>rentur,</strong></span> <span class='ocrx_word' id='word_1_29' title='bbox 380 790 465 873; x_wconf 90' lang='lat' dir='ltr'>quod</span> <span class='ocrx_word' id='word_1_30' title='bbox 489 811 545 855; x_wconf 87' lang='lat' dir='ltr'>cur</span> <span class='ocrx_word' id='word_1_31' title='bbox 566 795 673 855; x_wconf 81' lang='lat' dir='ltr'>tamen</span> <span class='ocrx_word' id='word_1_32' title='bbox 697 791 729 855; x_wconf 90' lang='lat' dir='ltr'>in</span> <span class='ocrx_word' id='word_1_33' title='bbox 753 791 901 856; x_wconf 80' lang='lat' dir='ltr'>clausulis</span> <span class='ocrx_word' id='word_1_34' title='bbox 924 812 1070 857; x_wconf 81' lang='lat' dir='ltr'>versuum</span> <span class='ocrx_word' id='word_1_35' title='bbox 1093 791 1219 874; x_wconf 87' lang='lat' dir='ltr'>saepius</span> <span class='ocrx_word' id='word_1_36' title='bbox 1241 789 1364 856; x_wconf 85' lang='lat' dir='ltr'>factum</span> 
     </span>
     <span class='ocr_line' id='line_1_6' title="bbox 240 896 1364 982; baseline 0 -21"><span class='ocrx_word' id='word_1_37' title='bbox 240 897 295 973; x_wconf 89' lang='lat' dir='ltr'>sit,</span> <span class='ocrx_word' id='word_1_38' title='bbox 318 918 413 979; x_wconf 89' lang='lat' dir='ltr'>quam</span> <span class='ocrx_word' id='word_1_39' title='bbox 436 896 508 962; x_wconf 88' lang='lat' dir='ltr'>aliis</span> <span class='ocrx_word' id='word_1_40' title='bbox 530 897 564 961; x_wconf 94' lang='lat' dir='ltr'>in</span> <span class='ocrx_word' id='word_1_41' title='bbox 586 896 727 974; x_wconf 84' lang='lat' dir='ltr'>sedibus,</span> <span class='ocrx_word' id='word_1_42' title='bbox 750 897 830 962; x_wconf 88' lang='lat' dir='ltr'>nihil</span> <span class='ocrx_word' id='word_1_43' title='bbox 853 903 914 974; x_wconf 86' lang='lat' dir='ltr'>cst,</span> <span class='ocrx_word' id='word_1_44' title='bbox 937 898 1021 982; x_wconf 85' lang='lat' dir='ltr'>quod</span> <span class='ocrx_word' id='word_1_45' title='bbox 1044 898 1208 962; x_wconf 86' lang='lat' dir='ltr'>miremur:</span> <span class='ocrx_word' id='word_1_46' title='bbox 1231 918 1308 961; x_wconf 93' lang='lat' dir='ltr'>nam</span> <span class='ocrx_word' id='word_1_47' title='bbox 1331 904 1364 961; x_wconf 93' lang='lat' dir='ltr'>in</span> 
     </span>
     <span class='ocr_line' id='line_1_7' title="bbox 239 1002 1364 1088; baseline 0.001 -20"><span class='ocrx_word' id='word_1_48' title='bbox 239 1003 411 1069; x_wconf 82' lang='lat' dir='ltr'>recitandis</span> <span class='ocrx_word' id='word_1_49' title='bbox 431 1002 574 1068; x_wconf 79' lang='lat' dir='ltr'>versibus</span> <span class='ocrx_word' id='word_1_50' title='bbox 597 1004 743 1088; x_wconf 84' lang='lat' dir='ltr'>exiguam</span> <span class='ocrx_word' id='word_1_51' title='bbox 765 1025 898 1086; x_wconf 87' lang='lat' dir='ltr'>pausam</span> <span class='ocrx_word' id='word_1_52' title='bbox 921 1025 958 1069; x_wconf 84' lang='lat' dir='ltr'>eo</span> <span class='ocrx_word' id='word_1_53' title='bbox 981 1006 1050 1071; x_wconf 87' lang='lat' dir='ltr'>loco</span> <span class='ocrx_word' id='word_1_54' title='bbox 1073 1003 1191 1069; x_wconf 89' lang='lat' dir='ltr'>factam</span> <span class='ocrx_word' id='word_1_55' title='bbox 1213 1024 1282 1069; x_wconf 79' lang='lat' dir='ltr'>assa</span> <span class='ocrx_word' id='word_1_56' title='bbox 1306 1026 1364 1070; x_wconf 90' lang='lat' dir='ltr'>na·</span> 
     </span>
     <span class='ocr_line' id='line_1_8' title="bbox 240 1089 508 1176; baseline -0.015 0"><span class='ocrx_word' id='word_1_57' title='bbox 240 1089 314 1176; x_wconf 71' lang='lat' dir='ltr'>tima</span> <span class='ocrx_word' id='word_1_58' title='bbox 336 1113 383 1175; x_wconf 83' lang='lat' dir='ltr'>rei</span> <span class='ocrx_word' id='word_1_59' title='bbox 407 1110 508 1174; x_wconf 83' lang='lat' dir='ltr'>dccet.</span> 
     </span>
    </p>

    <p class='ocr_par' dir='ltr' id='par_1_3' title="bbox 241 1217 1366 1606">
     <span class='ocr_line' id='line_1_9' title="bbox 330 1217 1366 1302; baseline 0.001 -21"><span class='ocrx_word' id='word_1_60' title='bbox 330 1217 526 1299; x_wconf 78' lang='lat' dir='ltr'>Quamquam</span> <span class='ocrx_word' id='word_1_61' title='bbox 555 1222 713 1282; x_wconf 82' lang='lat' dir='ltr'>extremas</span> <span class='ocrx_word' id='word_1_62' title='bbox 737 1239 844 1283; x_wconf 82' lang='lat' dir='ltr'>versus</span> <span class='ocrx_word' id='word_1_63' title='bbox 872 1218 1012 1302; x_wconf 80' lang='lat' dir='ltr'>syllabas</span> <span class='ocrx_word' id='word_1_64' title='bbox 1038 1239 1078 1283; x_wconf 89' lang='lat' dir='ltr'>ne</span> <span class='ocrx_word' id='word_1_65' title='bbox 1104 1217 1268 1281; x_wconf 91' lang='lat' dir='ltr'>minimum</span> <span class='ocrx_word' id='word_1_66' title='bbox 1294 1219 1366 1300; x_wconf 90' lang='lat' dir='ltr'>qui-</span> 
     </span>
     <span class='ocr_line' id='line_1_10' title="bbox 242 1323 1365 1409; baseline -0.001 -18"><span class='ocrx_word' id='word_1_67' title='bbox 242 1327 313 1391; x_wconf 83' lang='lat' dir='ltr'>dem</span> <span class='ocrx_word' id='word_1_68' title='bbox 337 1346 374 1389; x_wconf 89' lang='lat' dir='ltr'>ea</span> <span class='ocrx_word' id='word_1_69' title='bbox 396 1331 466 1391; x_wconf 86' lang='lat' dir='ltr'>crat</span> <span class='ocrx_word' id='word_1_70' title='bbox 484 1327 530 1391; x_wconf 85' lang='lat' dir='ltr'>vis</span> <span class='ocrx_word' id='word_1_71' title='bbox 552 1325 636 1409; x_wconf 87' lang='lat' dir='ltr'>apud</span> <span class='ocrx_word' id='word_1_72' title='bbox 656 1330 785 1403; x_wconf 81' lang='lat' dir='ltr'>veteres,</span> <span class='ocrx_word' id='word_1_73' title='bbox 809 1345 904 1407; x_wconf 89' lang='lat' dir='ltr'>quam</span> <span class='ocrx_word' id='word_1_74' title='bbox 925 1346 982 1391; x_wconf 91' lang='lat' dir='ltr'>nos</span> <span class='ocrx_word' id='word_1_75' title='bbox 1006 1325 1036 1390; x_wconf 88' lang='lat' dir='ltr'>ei</span> <span class='ocrx_word' id='word_1_76' title='bbox 1053 1323 1194 1389; x_wconf 82' lang='lat' dir='ltr'>tribucre</span> <span class='ocrx_word' id='word_1_77' title='bbox 1212 1324 1365 1390; x_wconf 83' lang='lat' dir='ltr'>solemus:</span> 
     </span>
     <span class='ocr_line' id='line_1_11' title="bbox 241 1430 1366 1518; baseline -0.003 -19"><span class='ocrx_word' id='word_1_78' title='bbox 241 1434 381 1518; x_wconf 84' lang='lat' dir='ltr'>reliquae</span> <span class='ocrx_word' id='word_1_79' title='bbox 413 1431 552 1517; x_wconf 84' lang='lat' dir='ltr'>syllabae</span> <span class='ocrx_word' id='word_1_80' title='bbox 584 1432 650 1498; x_wconf 88' lang='lat' dir='ltr'>ictu</span> <span class='ocrx_word' id='word_1_81' title='bbox 681 1433 813 1496; x_wconf 84' lang='lat' dir='ltr'>metrico</span> <span class='ocrx_word' id='word_1_82' title='bbox 846 1431 948 1496; x_wconf 79' lang='lat' dir='ltr'>alatae</span> <span class='ocrx_word' id='word_1_83' title='bbox 975 1432 1062 1496; x_wconf 88' lang='lat' dir='ltr'>intra</span> <span class='ocrx_word' id='word_1_84' title='bbox 1088 1451 1213 1496; x_wconf 86' lang='lat' dir='ltr'>versum</span> <span class='ocrx_word' id='word_1_85' title='bbox 1239 1430 1366 1515; x_wconf 79' lang='lat' dir='ltr'>positae</span> 
     </span>
     <span class='ocr_line' id='line_1_12' title="bbox 242 1538 775 1606; baseline -0.008 0"><span class='ocrx_word' id='word_1_86' title='bbox 242 1540 375 1606; x_wconf 80' lang='lat' dir='ltr'>aaiidam</span> <span class='ocrx_word' id='word_1_87' title='bbox 397 1540 496 1605; x_wconf 82' lang='lat' dir='ltr'>ferme</span> <span class='ocrx_word' id='word_1_88' title='bbox 518 1540 581 1604; x_wconf 85' lang='lat' dir='ltr'>vim</span> <span class='ocrx_word' id='word_1_89' title='bbox 604 1538 775 1603; x_wconf 86' lang='lat' dir='ltr'>habe-bant.</span> 
     </span>
    </p>

    <p class='ocr_par' dir='ltr' id='par_1_4' title="bbox 243 1643 1369 1942">
     <span class='ocr_line' id='line_1_13' title="bbox 332 1643 1368 1728; baseline -0.004 -16"><span class='ocrx_word' id='word_1_90' title='bbox 332 1647 437 1725; x_wconf 83' lang='lat' dir='ltr'>Quare</span> <span class='ocrx_word' id='word_1_91' title='bbox 464 1647 602 1712; x_wconf 85' lang='lat' dir='ltr'>alienum</span> <span class='ocrx_word' id='word_1_92' title='bbox 630 1667 697 1711; x_wconf 83' lang='lat' dir='ltr'>esse</span> <span class='ocrx_word' id='word_1_93' title='bbox 724 1667 788 1710; x_wconf 88' lang='lat' dir='ltr'>non</span> <span class='ocrx_word' id='word_1_94' title='bbox 810 1645 937 1710; x_wconf 80' lang='lat' dir='ltr'>videtur</span> <span class='ocrx_word' id='word_1_95' title='bbox 964 1666 984 1709; x_wconf 94' lang='lat' dir='ltr'>a</span> <span class='ocrx_word' id='word_1_96' title='bbox 1010 1665 1080 1709; x_wconf 85' lang='lat' dir='ltr'>mco</span> <span class='ocrx_word' id='word_1_97' title='bbox 1103 1643 1282 1728; x_wconf 85' lang='lat' dir='ltr'>proposit0‚</span> <span class='ocrx_word' id='word_1_98' title='bbox 1313 1665 1368 1709; x_wconf 84' lang='lat' dir='ltr'>eos</span> 
     </span>
     <span class='ocr_line' id='line_1_14' title="bbox 243 1750 1369 1838; baseline -0.005 -18"><span class='ocrx_word' id='word_1_99' title='bbox 243 1775 368 1838; x_wconf 86' lang='lat' dir='ltr'>quoquc</span> <span class='ocrx_word' id='word_1_100' title='bbox 400 1754 485 1819; x_wconf 85' lang='lat' dir='ltr'>locos</span> <span class='ocrx_word' id='word_1_101' title='bbox 517 1752 644 1829; x_wconf 81' lang='lat' dir='ltr'>afferre,</span> <span class='ocrx_word' id='word_1_102' title='bbox 676 1755 731 1835; x_wconf 92' lang='lat' dir='ltr'>qui</span> <span class='ocrx_word' id='word_1_103' title='bbox 758 1751 914 1836; x_wconf 87' lang='lat' dir='ltr'>syllabam</span> <span class='ocrx_word' id='word_1_104' title='bbox 941 1751 1073 1816; x_wconf 82' lang='lat' dir='ltr'>candem</span> <span class='ocrx_word' id='word_1_105' title='bbox 1101 1750 1211 1815; x_wconf 86' lang='lat' dir='ltr'>cadem</span> <span class='ocrx_word' id='word_1_106' title='bbox 1239 1751 1272 1815; x_wconf 92' lang='lat' dir='ltr'>in</span> <span class='ocrx_word' id='word_1_107' title='bbox 1302 1751 1369 1816; x_wconf 89' lang='lat' dir='ltr'>arsi</span> 
     </span>
     <span class='ocr_line' id='line_1_15' title="bbox 243 1858 1267 1942; baseline -0.005 -16"><span class='ocrx_word' id='word_1_108' title='bbox 243 1882 389 1926; x_wconf 85' lang='lat' dir='ltr'>versuum</span> <span class='ocrx_word' id='word_1_109' title='bbox 411 1860 558 1924; x_wconf 88' lang='lat' dir='ltr'>binorum</span> <span class='ocrx_word' id='word_1_110' title='bbox 581 1881 648 1924; x_wconf 84' lang='lat' dir='ltr'>scsc</span> <span class='ocrx_word' id='word_1_111' title='bbox 673 1859 896 1942; x_wconf 82' lang='lat' dir='ltr'>excipientium</span> <span class='ocrx_word' id='word_1_112' title='bbox 919 1858 1079 1935; x_wconf 82' lang='lat' dir='ltr'>exhibent,</span> <span class='ocrx_word' id='word_1_113' title='bbox 1102 1858 1157 1940; x_wconf 93' lang='lat' dir='ltr'>qui</span> <span class='ocrx_word' id='word_1_114' title='bbox 1180 1864 1267 1922; x_wconf 87' lang='lat' dir='ltr'>sunt:</span> 
     </span>
    </p>

    <p class='ocr_par' dir='ltr' id='par_1_5' title="bbox 414 1966 1201 2350">
     <span class='ocr_line' id='line_1_16' title="bbox 447 1966 581 2031; baseline 0.007 -2"><span class='ocrx_word' id='word_1_115' title='bbox 447 1989 474 2029; x_wconf 89' lang='lat' dir='ltr'>v.</span> <span class='ocrx_word' id='word_1_116' title='bbox 497 1966 527 2030; x_wconf 87' lang='grc'>4.</span> <span class='ocrx_word' id='word_1_117' title='bbox 551 1966 581 2031; x_wconf 89' lang='grc'>5.</span> 
     </span>
     <span class='ocr_line' id='line_1_17' title="bbox 414 2059 1132 2157; baseline -0.004 -21"><span class='ocrx_word' id='word_1_118' title='bbox 414 2071 443 2136; x_wconf 72' lang='grc' dir='ltr'>τί</span> <span class='ocrx_word' id='word_1_119' title='bbox 465 2071 526 2156; x_wconf 79' lang='grc' dir='ltr'>μὲν</span> <span class='ocrx_word' id='word_1_120' title='bbox 549 2064 611 2157; x_wconf 80' lang='grc' dir='ltr'>γὰρ</span> <span class='ocrx_word' id='word_1_121' title='bbox 636 2059 891 2157; x_wconf 60' lang='lat' dir='ltr'>&amp;inpugnantem</span> <span class='ocrx_word' id='word_1_122' title='bbox 916 2070 1010 2135; x_wconf 87' lang='grc' dir='ltr'><em>αίτία</em></span> <span class='ocrx_word' id='word_1_123' title='bbox 1033 2076 1132 2135; x_wconf 77' lang='grc' dir='ltr'><em>θεοῦ·</em></span> 
     </span>
     <span class='ocr_line' id='line_1_18' title="bbox 414 2166 1201 2265; baseline -0.004 -23"><span class='ocrx_word' id='word_1_124' title='bbox 414 2177 443 2243; x_wconf 78' lang='grc' dir='ltr'>εἰ</span> <span class='ocrx_word' id='word_1_125' title='bbox 468 2170 500 2243; x_wconf 77' lang='grc' dir='ltr'>δ’</span> <span class='ocrx_word' id='word_1_126' title='bbox 524 2166 615 2258; x_wconf 76' lang='grc' dir='ltr'><em>αὖθ’,</em></span> <span class='ocrx_word' id='word_1_127' title='bbox 639 2167 657 2243; x_wconf 81' lang='lat' dir='ltr'>ii</span> <span class='ocrx_word' id='word_1_128' title='bbox 680 2171 724 2265; x_wconf 80' lang='grc' dir='ltr'>μὴ</span> <span class='ocrx_word' id='word_1_129' title='bbox 746 2173 891 2263; x_wconf 79' lang='grc' dir='ltr'><em>γένοιτο,</em></span> <span class='ocrx_word' id='word_1_130' title='bbox 915 2169 1075 2262; x_wconf 79' lang='grc' dir='ltr'><em>συμφορὰ</em></span> <span class='ocrx_word' id='word_1_131' title='bbox 1098 2172 1201 2259; x_wconf 85' lang='grc' dir='ltr'><strong>τύχοι.</strong></span> 
     </span>
     <span class='ocr_line' id='line_1_19' title="bbox 449 2285 1128 2350; baseline 0.003 -2"><span class='ocrx_word' id='word_1_132' title='bbox 449 2307 476 2349; x_wconf 86' lang='lat' dir='ltr'>v.</span> <span class='ocrx_word' id='word_1_133' title='bbox 500 2286 551 2350; x_wconf 92' lang='grc'>60.</span> <span class='ocrx_word' id='word_1_134' title='bbox 576 2285 627 2349; x_wconf 98' lang='grc'>61.</span> <span class='ocrx_word' id='word_1_135' title='bbox 1119 2337 1128 2350; x_wconf 94' lang='grc'>.</span> 
     </span>
    </p>

    <p class='ocr_par' dir='ltr' id='par_1_6' title="bbox 369 2381 1221 2584">
     <span class='ocr_line' id='line_1_20' title="bbox 390 2381 1151 2477; baseline -0.004 -21"><span class='ocrx_word' id='word_1_136' title='bbox 390 2404 513 2477; x_wconf 79' lang='grc' dir='ltr'><em>χωρεῖ,</em></span> <span class='ocrx_word' id='word_1_137' title='bbox 536 2393 653 2470; x_wconf 77' lang='grc' dir='ltr'><strong><em>κονίει,</em></strong></span> <span class='ocrx_word' id='word_1_138' title='bbox 676 2391 775 2455; x_wconf 72' lang='grc' dir='ltr'><em>πεδία</em></span> <span class='ocrx_word' id='word_1_139' title='bbox 801 2382 833 2455; x_wconf 78' lang='grc' dir='ltr'>δ’</span> <span class='ocrx_word' id='word_1_140' title='bbox 858 2382 1020 2476; x_wconf 65' lang='grc' dir='ltr'><em>αργηστίς</em></span> <span class='ocrx_word' id='word_1_141' title='bbox 1044 2381 1151 2473; x_wconf 72' lang='grc' dir='ltr'><em>ἀφρὸς</em></span> 
     </span>
     <span class='ocr_line' id='line_1_21' title="bbox 369 2491 1221 2584; baseline -0.005 -21"><span class='ocrx_word' id='word_1_142' title='bbox 369 2499 526 2584; x_wconf 75' lang='grc' dir='ltr'><em>χραίνει</em></span> <span class='ocrx_word' id='word_1_143' title='bbox 550 2502 748 2583; x_wconf 79' lang='grc' dir='ltr'><em>σταλαγμοῖς</em></span> <span class='ocrx_word' id='word_1_144' title='bbox 772 2494 923 2562; x_wconf 75' lang='grc' dir='ltr'><strong><em>ἱππικῶν</em></strong></span> <span class='ocrx_word' id='word_1_145' title='bbox 948 2495 984 2560; x_wconf 77' lang='grc' dir='ltr'>ἐκ</span> <span class='ocrx_word' id='word_1_146' title='bbox 1008 2491 1221 2579; x_wconf 73' lang='grc' dir='ltr'><em>πνευμόνιον.</em></span> 
     </span>
    </p>

    <p class='ocr_par' dir='ltr' id='par_1_7' title="bbox 428 2596 999 2689">
     <span class='ocr_line' id='line_1_22' title="bbox 428 2596 999 2689; baseline -0.004 -21"><span class='ocrx_word' id='word_1_147' title='bbox 428 2627 454 2671; x_wconf 85' lang='lat' dir='ltr'>v.</span> <span class='ocrx_word' id='word_1_148' title='bbox 481 2606 551 2669; x_wconf 86' lang='lat'><strong>170.</strong></span> <span class='ocrx_word' id='word_1_149' title='bbox 579 2606 650 2669; x_wconf 85' lang='lat'><strong>171.</strong></span> <span class='ocrx_word' id='word_1_150' title='bbox 683 2596 859 2689; x_wconf 78' lang='grc' dir='ltr'><em>ὁμιλητὸν·</em></span> <span class='ocrx_word' id='word_1_151' title='bbox 883 2599 999 2668; x_wconf 80' lang='grc' dir='ltr'><strong>πλέον.</strong></span> 
     </span>
    </p>

    <p class='ocr_par' dir='ltr' id='par_1_8' title="bbox 429 2705 1018 2794">
     <span class='ocr_line' id='line_1_23' title="bbox 429 2705 1018 2794; baseline -0.003 -20"><span class='ocrx_word' id='word_1_152' title='bbox 429 2733 455 2776; x_wconf 84' lang='grc' dir='ltr'>ν.</span> <span class='ocrx_word' id='word_1_153' title='bbox 480 2711 554 2775; x_wconf 91' lang='grc'><strong>384.</strong></span> <span class='ocrx_word' id='word_1_154' title='bbox 577 2710 651 2775; x_wconf 90' lang='grc'><strong>385.</strong></span> <span class='ocrx_word' id='word_1_155' title='bbox 684 2705 845 2775; x_wconf 69' lang='grc' dir='ltr'><em>θανόντα</em></span> <span class='ocrx_word' id='word_1_156' title='bbox 869 2705 1018 2794; x_wconf 79' lang='grc' dir='ltr'><strong>φέροντι.</strong></span> 
     </span>
    </p>

    <p class='ocr_par' dir='ltr' id='par_1_9' title="bbox 429 2815 952 2901">
     <span class='ocr_line' id='line_1_24' title="bbox 429 2815 952 2901; baseline -0.002 -21"><span class='ocrx_word' id='word_1_157' title='bbox 429 2841 455 2881; x_wconf 87' lang='lat' dir='ltr'>v.</span> <span class='ocrx_word' id='word_1_158' title='bbox 479 2817 553 2882; x_wconf 84' lang='lat'><strong>403.</strong></span> <span class='ocrx_word' id='word_1_159' title='bbox 577 2817 651 2881; x_wconf 88' lang='grc'><strong>404.</strong></span> <span class='ocrx_word' id='word_1_160' title='bbox 685 2817 791 2880; x_wconf 64' lang='grc' dir='ltr'><em>δοῖεν</em></span> <span class='ocrx_word' id='word_1_161' title='bbox 816 2815 952 2901; x_wconf 75' lang='grc' dir='ltr'><strong>εἴληχεν.</strong></span> 
     </span>
    </p>

    <p class='ocr_par' dir='ltr' id='par_1_10' title="bbox 430 2918 996 3008">
     <span class='ocr_line' id='line_1_25' title="bbox 430 2918 996 3008; baseline -0.004 -20"><span class='ocrx_word' id='word_1_162' title='bbox 430 2947 456 2988; x_wconf 87' lang='lat' dir='ltr'>v.</span> <span class='ocrx_word' id='word_1_163' title='bbox 480 2924 553 2988; x_wconf 93' lang='grc'><strong>429.</strong></span> <span class='ocrx_word' id='word_1_164' title='bbox 576 2924 652 2987; x_wconf 89' lang='grc'><strong>430.</strong></span> <span class='ocrx_word' id='word_1_165' title='bbox 685 2928 785 3008; x_wconf 83' lang='grc' dir='ltr'><em>λῆμα;</em></span> <span class='ocrx_word' id='word_1_166' title='bbox 810 2918 996 3008; x_wconf 79' lang='grc' dir='ltr'><strong>φρούρημα.</strong></span> 
     </span>
    </p>

    <p class='ocr_par' dir='ltr' id='par_1_11' title="bbox 429 3025 1003 3094">
     <span class='ocr_line' id='line_1_26' title="bbox 429 3025 1003 3094; baseline 0.002 -1"><span class='ocrx_word' id='word_1_167' title='bbox 429 3052 456 3093; x_wconf 84' lang='lat' dir='ltr'>v.</span> <span class='ocrx_word' id='word_1_168' title='bbox 479 3030 553 3094; x_wconf 83' lang='lat'><strong>456.</strong></span> <span class='ocrx_word' id='word_1_169' title='bbox 577 3029 651 3093; x_wconf 89' lang='grc'><strong>457.</strong></span> <span class='ocrx_word' id='word_1_170' title='bbox 685 3025 851 3093; x_wconf 72' lang='grc' dir='ltr'><em>ἱππικῶνε</em></span> <span class='ocrx_word' id='word_1_171' title='bbox 875 3033 1003 3094; x_wconf 80' lang='grc' dir='ltr'><strong>πολῶν.</strong></span> 
     </span>
    </p>

    <p class='ocr_par' dir='ltr' id='par_1_12' title="bbox 430 3131 1016 3222">
     <span class='ocr_line' id='line_1_27' title="bbox 430 3131 1016 3222; baseline -0.003 -22"><span class='ocrx_word' id='word_1_172' title='bbox 430 3159 456 3200; x_wconf 84' lang='lat' dir='ltr'>v.</span> <span class='ocrx_word' id='word_1_173' title='bbox 480 3136 553 3201; x_wconf 89' lang='grc'><strong>460.</strong></span> <span class='ocrx_word' id='word_1_174' title='bbox 576 3137 652 3200; x_wconf 90' lang='grc'><strong>461.</strong></span> <span class='ocrx_word' id='word_1_175' title='bbox 684 3131 857 3222; x_wconf 74' lang='grc' dir='ltr'><em>κοσμήσεα</em></span> <span class='ocrx_word' id='word_1_176' title='bbox 882 3131 1016 3217; x_wconf 81' lang='grc' dir='ltr'><strong>φθόνει.</strong></span> 
     </span>
    </p>

    <p class='ocr_par' dir='ltr' id='par_1_13' title="bbox 432 3237 1233 3326">
     <span class='ocr_line' id='line_1_28' title="bbox 432 3237 1233 3326; baseline 0 -20"><span class='ocrx_word' id='word_1_177' title='bbox 432 3265 457 3307; x_wconf 91' lang='lat' dir='ltr'>v.</span> <span class='ocrx_word' id='word_1_178' title='bbox 480 3242 555 3306; x_wconf 84' lang='grc'><strong>477.</strong></span> <span class='ocrx_word' id='word_1_179' title='bbox 578 3242 652 3306; x_wconf 88' lang='grc'><strong>478.</strong></span> <span class='ocrx_word' id='word_1_180' title='bbox 685 3237 960 3326; x_wconf 79' lang='grc' dir='ltr'><em>κοιλογάστορος.·</em></span> <span class='ocrx_word' id='word_1_181' title='bbox 984 3237 1112 3318; x_wconf 73' lang='grc' dir='ltr'><strong>ἔνθεος.</strong></span> <span class='ocrx_word' id='word_1_182' title='bbox 1228 3293 1233 3299; x_wconf 90' lang='grc'>.</span> 
     </span>
    </p>

    <p class='ocr_par' dir='ltr' id='par_1_14' title="bbox 431 3343 885 3432">
     <span class='ocr_line' id='line_1_29' title="bbox 431 3343 885 3432; baseline -0.004 -20"><span class='ocrx_word' id='word_1_183' title='bbox 431 3371 457 3412; x_wconf 88' lang='lat' dir='ltr'>v.</span> <span class='ocrx_word' id='word_1_184' title='bbox 482 3349 555 3413; x_wconf 91' lang='grc'><strong>628.</strong></span> <span class='ocrx_word' id='word_1_185' title='bbox 580 3349 652 3414; x_wconf 92' lang='grc'><strong>629.</strong></span> <span class='ocrx_word' id='word_1_186' title='bbox 686 3343 788 3432; x_wconf 63' lang='grc' dir='ltr'><em>λέγεν</em></span> <span class='ocrx_word' id='word_1_187' title='bbox 812 3344 885 3427; x_wconf 71' lang='grc' dir='ltr'><strong>ἕξει.</strong></span> 
     </span>
    </p>

    <p class='ocr_par' dir='ltr' id='par_1_15' title="bbox 431 3447 949 3531">
     <span class='ocr_line' id='line_1_30' title="bbox 431 3447 949 3531; baseline -0.002 -12"><span class='ocrx_word' id='word_1_188' title='bbox 431 3478 457 3519; x_wconf 87' lang='lat' dir='ltr'>v.</span> <span class='ocrx_word' id='word_1_189' title='bbox 482 3455 555 3519; x_wconf 92' lang='grc'><strong>642.</strong></span> <span class='ocrx_word' id='word_1_190' title='bbox 579 3455 653 3519; x_wconf 88' lang='grc'><strong>643.</strong></span> <span class='ocrx_word' id='word_1_191' title='bbox 686 3447 841 3531; x_wconf 51' lang='grc' dir='ltr'><em>ἀσπίδος·</em></span> <span class='ocrx_word' id='word_1_192' title='bbox 865 3448 949 3530; x_wconf 81' lang='grc' dir='ltr'><strong>Διός.</strong></span> 
     </span>
    </p>

    <p class='ocr_par' dir='ltr' id='par_1_16' title="bbox 432 3552 949 3644">
     <span class='ocr_line' id='line_1_31' title="bbox 432 3552 949 3644; baseline 0 -20"><span class='ocrx_word' id='word_1_193' title='bbox 432 3585 458 3626; x_wconf 87' lang='lat' dir='ltr'>v.</span> <span class='ocrx_word' id='word_1_194' title='bbox 483 3560 654 3626; x_wconf 86' lang='grc'><strong>664665.</strong></span> <span class='ocrx_word' id='word_1_195' title='bbox 686 3552 810 3638; x_wconf 64' lang='grc' dir='ltr'><em>κακὸν·</em></span> <span class='ocrx_word' id='word_1_196' title='bbox 833 3556 949 3644; x_wconf 85' lang='grc' dir='ltr'><strong>μόνον.</strong></span> 
     </span>
    </p>

    <p class='ocr_par' dir='ltr' id='par_1_17' title="bbox 433 3665 1264 3752">
     <span class='ocr_line' id='line_1_32' title="bbox 433 3665 1264 3752; baseline -0.002 -19"><span class='ocrx_word' id='word_1_197' title='bbox 433 3691 458 3733; x_wconf 87' lang='lat' dir='ltr'>v.</span> <span class='ocrx_word' id='word_1_198' title='bbox 483 3669 557 3732; x_wconf 90' lang='grc'><strong>671.</strong></span> <span class='ocrx_word' id='word_1_199' title='bbox 580 3668 654 3732; x_wconf 89' lang='grc'><strong>672.</strong></span> <span class='ocrx_word' id='word_1_200' title='bbox 687 3665 766 3731; x_wconf 73' lang='lat' dir='ltr'>itm:</span> <span class='ocrx_word' id='word_1_201' title='bbox 793 3668 918 3752; x_wconf 79' lang='grc' dir='ltr'><em>Φοίβῳ,</em></span> <span class='ocrx_word' id='word_1_202' title='bbox 941 3669 1124 3732; x_wconf 66' lang='lat' dir='ltr'>naamon.-</span> <span class='ocrx_word' id='word_1_203' title='bbox 1148 3667 1264 3732; x_wconf 79' lang='grc' dir='ltr'><strong>Λαΐου.</strong></span> 
     </span>
    </p>

    <p class='ocr_par' dir='ltr' id='par_1_18' title="bbox 432 3769 1085 3861">
     <span class='ocr_line' id='line_1_33' title="bbox 432 3769 1085 3861; baseline -0.002 -22"><span class='ocrx_word' id='word_1_204' title='bbox 432 3797 459 3840; x_wconf 84' lang='lat' dir='ltr'>v.</span> <span class='ocrx_word' id='word_1_205' title='bbox 483 3775 557 3841; x_wconf 87' lang='grc'><strong>691.</strong></span> <span class='ocrx_word' id='word_1_206' title='bbox 581 3775 655 3839; x_wconf 92' lang='grc'><strong>692.</strong></span> <span class='ocrx_word' id='word_1_207' title='bbox 689 3771 875 3839; x_wconf 78' lang='grc' dir='ltr'><em>ἐνυπνίων·</em></span> <span class='ocrx_word' id='word_1_208' title='bbox 897 3769 1085 3861; x_wconf 80' lang='grc' dir='ltr'><strong>χρημάτων.</strong></span> 
     </span>
    </p>

    <p class='ocr_par' dir='ltr' id='par_1_19' title="bbox 431 3873 959 3968">
     <span class='ocr_line' id='line_1_34' title="bbox 431 3873 959 3968; baseline -0.004 -22"><span class='ocrx_word' id='word_1_209' title='bbox 431 3905 457 3946; x_wconf 84' lang='lat' dir='ltr'>v.</span> <span class='ocrx_word' id='word_1_210' title='bbox 482 3882 555 3947; x_wconf 88' lang='lat'><strong>788.</strong></span> <span class='ocrx_word' id='word_1_211' title='bbox 581 3883 653 3947; x_wconf 83' lang='lat'><strong>789.</strong></span> <span class='ocrx_word' id='word_1_212' title='bbox 685 3888 773 3946; x_wconf 71' lang='lat' dir='ltr'>cciv:</span> <span class='ocrx_word' id='word_1_213' title='bbox 797 3873 959 3968; x_wconf 78' lang='grc' dir='ltr'><em>α’λλήλονν.</em></span> 
     </span>
    </p>

    <p class='ocr_par' dir='ltr' id='par_1_20' title="bbox 390 3985 1014 4179">
     <span class='ocr_line' id='line_1_35' title="bbox 433 3985 964 4073; baseline -0.002 -21"><span class='ocrx_word' id='word_1_214' title='bbox 433 4010 459 4054; x_wconf 87' lang='lat' dir='ltr'>v.</span> <span class='ocrx_word' id='word_1_215' title='bbox 483 3989 556 4053; x_wconf 83' lang='lat'><strong>993.</strong></span> <span class='ocrx_word' id='word_1_216' title='bbox 580 3989 653 4053; x_wconf 92' lang='grc'><strong>994.</strong></span> <span class='ocrx_word' id='word_1_217' title='bbox 687 3985 830 4072; x_wconf 76' lang='grc' dir='ltr'><em>στέγων·</em></span> <span class='ocrx_word' id='word_1_218' title='bbox 855 3985 964 4073; x_wconf 79' lang='grc' dir='ltr'><strong>ἱερῶν.</strong></span> 
     </span>
     <span class='ocr_line' id='line_1_36' title="bbox 390 4087 1014 4179; baseline 0.003 -22"><span class='ocrx_word' id='word_1_219' title='bbox 390 4119 414 4158; x_wconf 78' lang='lat' dir='ltr'>r.</span> <span class='ocrx_word' id='word_1_220' title='bbox 442 4096 535 4160; x_wconf 94' lang='grc'><strong>1000.</strong></span> <span class='ocrx_word' id='word_1_221' title='bbox 561 4096 655 4162; x_wconf 91' lang='grc'><strong>1001.</strong></span> <span class='ocrx_word' id='word_1_222' title='bbox 688 4087 861 4179; x_wconf 75' lang='grc' dir='ltr'><em>ἐμποδών·</em></span> <span class='ocrx_word' id='word_1_223' title='bbox 884 4090 1014 4159; x_wconf 78' lang='grc' dir='ltr'><strong>θανών.</strong></span> 
     </span>
    </p>
   </div>
   <div class='ocr_carea' id='block_1_3' title="bbox 0 0 1454 4770">
    <p class='ocr_par' dir='ltr' id='par_1_21' title="bbox 0 0 1454 4770">
     <span class='ocr_line' id='line_1_37' title="bbox 0 0 1454 4770; baseline 0 0"><span class='ocrx_word' id='word_1_224' title='bbox 0 0 1454 4770; x_wconf 95' lang='lat' dir='ltr'> </span> 
     </span>
    </p>
   </div>
  </div>
 </body>
</html>
