2864 4770
778 313 819 375 10

240 491 309 554 dem
331 489 387 570 fiir
409 489 546 572 cnfdllc‘y
572 487 774 552 Gellcltcaea.
822 487 895 552 Uad
917 509 964 552 wc
991 494 1075 552 codro
1098 489 1149 552 cta
1172 489 1363 552 bescarteaes

240 595 360 661 Sccbea
387 595 469 659 acob
495 595 614 660 soleber
637 588 766 659 Assone
794 593 1006 676 berecbtr'ytcr,
1036 595 1087 658 ols
1114 595 1187 658 eben
1216 593 1264 658 bei
1294 595 1364 658 deos

239 703 421 768 Alimer‘ster
434 703 490 766 cler
502 701 682 784 Troyc'dc'e?
699 740 739 748 -
754 701 790 764 ia
804 701 1023 765 iarrcrlicbsier
1039 701 1363 782 {feceransammccp

240 811 298 873 urit
325 809 393 874 dem
422 807 532 875 Wescn
561 808 643 873 oller
671 807 941 890 altpriecbiscben
964 808 1087 886 Knast,
1118 808 1198 872 cccli
1222 809 1279 872 der
1305 808 1363 872 bil-

241 917 375 993 dcadeo,
410 917 460 978 die
491 917 590 979 ciuem
616 914 715 978 bobert
741 915 852 978 Masso
880 935 940 978 coa
967 914 1114 998 peistiper
1141 914 1284 979 Frcibcr't
1312 916 1365 978 eia

241 1024 314 1087 ebert
336 1042 371 1086 so
393 1021 484 1085 bobes
501 1022 596 1099 Mass
619 1019 779 1100 feraciter
800 1020 1036 1086 Gcbnndcnbcc't
1055 1021 1104 1085 cla
1126 1020 1366 1104 Geyeayewiclat

240 1149 281 1194 aa
298 1128 393 1210 ychen
412 1129 472 1191 dos
486 1127 683 1208 Rediirfar'ss
701 1127 811 1208 filblte,
831 1128 900 1192 aad
915 1129 1028 1192 diesem
1042 1127 1176 1208 Prtccip
1189 1129 1247 1192 rsit
1261 1129 1364 1192 cirtem

240 1235 433 1318 pldcblicbea
450 1235 592 1298 Instincti
614 1235 682 1298 elad
705 1236 791 1298 einer
815 1234 962 1300 Welsbeit
981 1233 1153 1315 Reclrcaay
1175 1241 1257 1316 tracy,
1285 1236 1364 1300 dces

240 1343 356 1424 yercdc
379 1340 445 1421 corf
463 1343 518 1405 der
540 1342 672 1423 inclyto
697 1341 954 1423 Vcrscbmclanny
977 1343 1078 1406 dieser
1099 1340 1293 1424 chcusc'itac
1313 1344 1364 1406 dic

240 1448 411 1512 oollcrrdctc
433 1448 610 1512 Harmonia
627 1448 719 1529 jener
742 1447 851 1512 Knnst
874 1449 1004 1512 nomast
1028 1448 1145 1512 herclst.

331 1553 432 1618 Simili
464 1555 558 1618 modo
590 1554 668 1617 mihi
701 1555 784 1618 inter
816 1555 900 1637 ipsas
931 1556 1009 1618 artis
1036 1556 1180 1637 poeticae
1206 1554 1295 1636 leges
1323 1555 1365 1618 ad

243 1683 387 1726 versuum
417 1660 550 1726 somnam
579 1658 789 1726 definiendam
817 1666 994 1744 spectantes
1022 1661 1178 1745 oppositio
1205 1663 1366 1744 quaedam

242 1768 367 1832 videtur
390 1787 458 1832 esse
482 1789 527 1843 ea,
550 1773 586 1830 ut
609 1788 799 1850 quamquam
820 1769 923 1850 primo
942 1767 1010 1832 loco
1030 1789 1152 1852 semper
1171 1767 1366 1851 syllabarum

242 1880 357 1938 natura
388 1895 511 1939 versum
548 1873 658 1950 faciat,
696 1881 802 1938 tamen
835 1875 1017 1939 certissimis
1049 1875 1111 1940 illis
1143 1875 1267 1957 legibus
1301 1897 1366 1940 uon

242 1981 336 2045 laesis
359 2002 481 2045 summa
499 1981 635 2045 varietas
659 1981 849 2046 adhibeatur
871 1982 903 2045 in
928 1983 1071 2046 oratione
1095 1983 1163 2065 ipsa
1186 1981 1365 2049 formanda

333 2088 441 2165 Qualis
459 2109 533 2151 vero
558 2093 640 2152 essct
663 2109 701 2152 ea
719 2090 863 2164 varietas,
887 2089 919 2151 in
944 2109 1013 2153 cam
1036 2089 1252 2170 quaestionem
1277 2096 1366 2154 certo

244 2194 380 2277 quodam
404 2194 471 2257 loco
495 2195 662 2278 inquirere,
685 2194 763 2258 mihi
786 2196 944 2278 proposui.

331 2299 436 2382 Atque
472 2321 567 2364 unam
604 2299 743 2364 fabulam
776 2301 982 2383 Aeschyleam
1015 2340 1054 2348 -
1089 2301 1217 2385 Septem
1253 2312 1367 2369 contra

244 2406 368 2473 Thebas
390 2446 430 2455 -
456 2410 502 2472 ita
523 2409 667 2484 tractavi,
690 2412 726 2470 ut
749 2409 855 2472 omnia
877 2409 1029 2491 exempla,
1053 2430 1133 2491 quae
1155 2411 1196 2474 ad
1221 2412 1366 2494 proposi-

243 2520 312 2578 tum
337 2535 438 2578 meum
461 2514 638 2596 spectantia
660 2515 692 2577 in
716 2513 870 2579 trimetris
893 2514 1036 2578 iambicis
1060 2515 1178 2598 scripta
1201 2516 1367 2582 invenian-

244 2627 304 2696 tur,
328 2640 536 2701 congerercm,
560 2620 780 2696 examinarem,
803 2641 1009 2697 numerarem,
1033 2627 1136 2686 certas
1159 2623 1299 2687 rationes
1318 2645 1366 2688 se-

244 2732 335 2791 cutus
359 2726 590 2790 distribuerem.

333 2831 397 2896 Cur
424 2832 613 2916 Aeschylum
645 2833 843 2915 potissimum
875 2833 1036 2916 elegerim,
1070 2835 1096 2898 si
1124 2835 1195 2916 quis
1223 2844 1367 2918 quaerat,

244 2945 480 3031 praeceptorem
504 2940 614 3004 ducem
638 2940 768 3021 eiusque
788 2939 884 3004 verba
906 2961 1003 3022 snpra
1025 2941 1123 3004 allata
1142 2947 1268 3008 secutus
1286 2965 1365 3008 sum.

246 3047 368 3130 Quippe
401 3047 518 3128 optimo
551 3045 619 3111 iure
646 3053 831 3129 praeceptor
858 3048 1148 3129 praestantissimus
1175 3049 1365 3132 Aeschylum

244 3153 414 3235 praecipue
438 3174 577 3218 summac
601 3153 821 3218 concinnitatis
840 3155 1016 3219 studiosum
1034 3154 1130 3220 luisse
1149 3156 1235 3220 dicit.
1274 3159 1367 3235 Quod

246 3260 385 3323 studium
404 3264 437 3324 et
455 3282 494 3324 ex
511 3261 610 3325 totins
629 3261 811 3344 tragoediae
830 3259 1036 3342 dispositione
1050 3263 1249 3344 cognoscitur
1264 3285 1367 3347 neque

246 3364 338 3430 abest
360 3367 392 3429 in
416 3366 524 3454 rebuss
534 3368 665 3451 pusillis,
689 3368 793 3450 siquid
816 3367 849 3430 in
873 3373 968 3450 poeta
990 3372 1057 3431 tam
1080 3369 1193 3432 eximio
1217 3371 1367 3454 pusillum

246 3471 309 3536 dici
349 3478 462 3555 potest.
523 3474 585 3538 Cur
622 3474 661 3538 de
698 3474 773 3538 solis
809 3473 962 3538 trimetris
998 3475 1142 3540 iambicis
1179 3479 1368 3560 scripserim,

247 3579 390 3662 exempla
412 3600 451 3643 ex
473 3579 619 3662 partibus
642 3580 749 3663 lyricis
772 3581 959 3664 deprompta
981 3601 1054 3646 raro
1077 3587 1202 3647 tantum
1225 3588 1258 3647 et
1276 3587 1368 3665 quasi

246 3685 441 3768 praeteriens
474 3687 793 3763 commemoraverim,
826 3688 907 3752 duae
939 3708 1052 3752 causae
1085 3688 1187 3755 fuere:
1221 3690 1369 3772 primum,

247 3793 331 3876 quod
359 3794 450 3876 copia
476 3795 628 3858 materiae
651 3814 701 3858 me
725 3793 863 3876 impulit,
890 3800 926 3857 ut
949 3793 1090 3858 libellum
1114 3817 1208 3876 quam
1232 3797 1369 3863 maxime

247 3898 316 3963 fieri
334 3905 441 3983 posset
459 3901 538 3964 artis
556 3898 672 3965 finibus
691 3900 988 3976 circumscriberem,
1012 3900 1135 3976 deiude,
1157 3903 1241 3985 quod
1259 3925 1369 3969 uersus

248 4006 293 4068 illi
317 4027 418 4090 aequo
437 4027 560 4089 semper
578 4008 678 4088 gradu
698 4006 788 4090 quasi
806 4008 987 4072 incedentes
1006 4006 1130 4072 facilius
1148 4026 1257 4072 ansam
1276 4033 1369 4093 prae-

248 4111 325 4179 bent
349 4118 454 4178 certae
477 4113 609 4177 rationis
633 4107 833 4178 adhibendae
856 4115 889 4178 in
913 4114 1066 4178 eiusmodi
1085 4113 1369 4183 observationibus.
