2864 4770
796 336 818 396 4

249 519 336 578 certa
358 513 495 593 quadam
518 512 641 575 ratione
664 511 697 573 11
720 532 758 575 66
781 511 957 575 studiorum
980 531 1094 593 genere
1117 509 1165 574 vel
1189 510 1273 573 inter
1292 531 1372 594 pau-

249 641 302 685 cos
325 618 499 683 conveniat.

339 725 401 790 Sed
424 724 557 789 forsitan
581 725 751 808 quaesierit
775 724 940 808 quispiam,
963 745 1043 809 quae
1067 725 1108 789 sit
1127 746 1248 789 6111116
1267 744 1375 801 eausa,

250 833 449 896 6111116116
473 851 510 895 ex
534 829 578 895 616
602 830 715 896 studiis
739 831 873 907 rediens,
897 852 978 915 quae
1001 831 1177 896 novissimis
1195 831 1272 915 ipsis
1292 836 1375 896 tem-

250 939 380 1022 poribus
403 960 423 1002 a
444 937 609 1020 permultis
633 925 964 1014 transaliacensem
987 936 1119 1021 exiguus
1137 937 1252 1002 fuerit?
1290 937 1375 1001 Mihi

251 1044 378 1128 quidem
401 1066 438 1109 ea
456 1044 581 1108 videtur
605 1065 681 1118 6666,
704 1044 789 1128 quod
812 1045 851 1110 de
869 1049 1011 1110 veterum
1029 1045 1169 1127 ipsorum
1187 1047 1256 1109 arte
1275 1051 1375 1127 atque

251 1153 375 1217 ratione
401 1151 521 1215 musica
546 1171 660 1232 parum
687 1149 766 1215 certi
788 1153 830 1216 ad
853 1173 910 1217 nos
933 1151 1089 1234 pervenit,
1118 1151 1165 1216 ita
1186 1157 1223 1216 ut
1246 1153 1376 1216 aurium

252 1260 448 1343 potissimum
470 1258 587 1322 iudicio
610 1257 670 1322 niti
694 1278 850 1341 cogamur,
873 1258 958 1340 quod
980 1257 1131 1322 iudicium
1154 1279 1250 1340 quam
1273 1258 1376 1323 lubri-

252 1388 323 1430 cum
350 1367 391 1431 sit
417 1365 573 1429 neminem
596 1363 687 1448 fugit.
732 1363 912 1429 Aristoxeni
937 1385 1033 1448 opera
1055 1364 1082 1429 si
1104 1364 1230 1448 integra
1252 1366 1376 1430 tradita

253 1477 365 1548 essent,
388 1473 454 1535 1611
478 1470 584 1536 6111116
603 1477 652 1536 661
673 1471 815 1536 futurum
839 1471 935 1537 fuisse
953 1472 1057 1536 uthis
1076 1472 1116 1536 de
1135 1471 1376 1556 quaestionibus

254 1600 343 1644 16116
371 1578 466 1643 hodie
494 1577 657 1660 disputare
685 1578 826 1642 auderet.
873 1577 934 1643 Sed
963 1599 1033 1644 oum
1060 1577 1154 1661 plane
1178 1579 1376 1662 ignoremus,

253 1685 329 1768 quid
361 1685 415 1749 ille
448 1683 591 1749 docuerit
623 1684 662 1749 de
694 1684 885 1773 μελοποιΐᾳ,
913 1686 964 1749 vix
996 1683 1163 1767 quisquam
1194 1707 1252 1767 pro
1287 1691 1375 1750 certo

253 1791 434 1867 affirmabit,
457 1811 579 1874 semper
602 1796 725 1856 secutos
749 1813 816 1857 esse
840 1813 932 1857 sonos
955 1791 1091 1857 musicos
1113 1797 1261 1856 naturam
1280 1792 1376 1875 sylla-

253 1899 373 1974 barum,
396 1899 429 1961 in
453 1918 516 1979 qua
539 1918 692 1962 summam
715 1900 793 1963 artis
816 1900 967 1963 metricae
989 1904 1154 1981 poetarum
1177 1904 1318 1963 veterum
1344 1905 1376 1963 et

254 2007 424 2090 lyricorum
460 2009 493 2068 et
529 2006 741 2070 scaenicorum
778 2007 974 2087 maximeque
1010 2005 1202 2070 Graecorum
1238 2007 1377 2088 positam

254 2113 351 2177 fuisse
374 2116 506 2187 constat,
529 2132 652 2194 semper
675 2111 811 2195 syllabas
834 2112 1006 2194 productas
1025 2112 1108 2177 sonis
1127 2111 1291 2195 productis
1310 2112 1376 2178 ela-

254 2224 304 2284 166
327 2240 394 2283 6666
417 2218 555 2302 itemque
578 2217 715 2301 syllabas
738 2217 848 2283 breves
871 2219 956 2282 sonis
979 2219 1141 2301 correptis.
1173 2217 1249 2283 Veri
1273 2219 1377 2283 simile

255 2347 331 2391 sane
354 2329 414 2401 est,
439 2345 509 2389 eam
531 2322 628 2389 111666
651 2325 784 2408 primam
806 2323 884 2390 artis
907 2325 1045 2390 musicae
1067 2325 1182 2408 legem,
1204 2330 1241 2389 ut
1263 2327 1377 2410 rhyth-

256 2453 324 2497 mus
346 2432 496 2496 metricus
519 2431 559 2495 ab
583 2452 630 2507 eo,
653 2433 707 2515 qui
731 2436 887 2508 66116161,
910 2437 1102 2496 servaretur:
1130 2430 1186 2496 sed
1209 2437 1316 2497 utrum
1341 2454 1379 2497 66

214 2580 217 2585 -
255 2540 307 2604 lex
338 2559 461 2620 semper
487 2539 624 2602 valuerit
655 2561 694 2603 61
728 2539 887 2604 interdum
918 2539 997 2604 artis
1028 2538 1166 2604 musicae
1194 2538 1279 2604 docti
1307 2561 1378 2604 6611

256 2646 447 2711 excesserint
479 2645 546 2708 1616
573 2645 606 2708 11
634 2645 762 2709 modum
789 2646 980 2711 nostratium
1007 2667 1128 2722 eorum,
1161 2646 1215 2729 qui
1243 2646 1378 2710 saeculis

256 2775 285 2835 p.
310 2751 381 2816 chr.
405 2773 434 2815 n.
463 2752 597 2833 septimo
625 2752 747 2816 decimo
775 2758 807 2816 et
835 2748 1088 2818 duodevicesimo
1116 2753 1247 2818 canticis
1276 2752 1377 2817 eccle-

257 2859 392 2924 siasticis
410 2857 633 2941 componendis
651 2878 780 2941 operam
798 2858 927 2935 dabant,
948 2881 985 2924 aa
1003 2859 1043 2923 de
1061 2880 1097 2923 re
1115 2859 1176 2923 1161
1196 2860 1379 2924 6611661116

256 2966 302 3030 111
325 2965 475 3048 augurari
498 2985 670 3046 possumus.

346 3072 517 3149 Quaeritur
552 3070 586 3133 id
623 3071 770 3148 maxime,
806 3072 1070 3154 quemadmodum
1106 3093 1158 3136 ars
1195 3071 1313 3136 musica
1347 3078 1379 3137 et

258 3178 440 3262 rhythmum
463 3178 640 3254 metricum,
664 3178 697 3242 id
722 3183 770 3243 661
793 3179 984 3261 syllabarum
1007 3185 1163 3255 naturam,
1186 3183 1218 3242 et
1241 3177 1379 3242 vocabu-

258 3286 360 3349 lorum
391 3289 554 3350 accentum
586 3291 618 3348 61
649 3285 876 3350 sententiarum
908 3285 1097 3369 gravitatem
1130 3283 1222 3350 simul
1249 3284 1297 3348 ita
1326 3306 1380 3349 ex-

259 3392 393 3474 primere
414 3392 565 3474 potuerit‚
588 3397 624 3456 11
647 3393 702 3474 qui
725 3391 873 3457 audirent
896 3396 928 3455 et
950 3414 1057 3457 versus
1081 3398 1113 3457 et
1136 3412 1229 3456 sonos
1253 3396 1285 3455 et
1308 3411 1380 3454 sen-

258 3499 375 3562 tentias
401 3498 563 3581 percipere
590 3504 726 3581 possent.
772 3496 865 3580 Apud
893 3519 950 3562 nos
978 3499 1012 3563 id
1039 3498 1138 3562 multo
1162 3497 1285 3563 facilius
1308 3495 1381 3561 lieri

258 3608 363 3688 potest
385 3605 521 3668 maxime
545 3604 585 3669 ob
609 3625 679 3667 eam
701 3625 839 3680 causam,
867 3605 953 3686 quod
976 3604 1198 3670 vocabulorum
1221 3605 1381 3688 germani-

260 3732 367 3776 corum
394 3716 541 3776 accentus
566 3711 632 3774 fere
655 3731 777 3794 semper
801 3733 974 3795 congruens
997 3732 1067 3776 cum
1090 3711 1282 3801 syllabarum
1305 3733 1380 3794 pro-

260 3819 408 3883 ductione
440 3822 559 3882 certam
586 3819 670 3882 viam
701 3817 821 3882 indicat
847 3819 922 3883 viris
950 3819 1029 3883 artis
1056 3819 1193 3884 musicae
1220 3817 1381 3908 studiosis,

260 3947 354 4010 quam
376 3924 589 4008 ingredientes
612 3925 731 3990 faciant
754 3925 862 3990 modos
886 3964 926 3972 -
951 3923 1042 4010 μέλη,
1066 3945 1143 4008 quas
1166 3946 1223 3989 nos
1246 3923 1381 3988 dicimus

259 4033 412 4099 melodias
437 4072 491 4108 —,
520 4032 575 4114 qui
600 4053 665 4096 non
691 4031 786 4096 nimis
809 4051 902 4098 aures
924 4053 944 4097 a
966 4033 1119 4096 sermonis
1142 4031 1272 4095 humani
1295 4031 1381 4095 iusto

260 4161 337 4206 sono
360 4139 533 4205 abducant:
557 4145 591 4204 at
609 4140 642 4203 in
662 4138 854 4204 Graecorum
872 4141 941 4202 arte
959 4139 1091 4204 metrica
1108 4158 1179 4203 cum
1197 4136 1382 4219 saepissime
