2864 4770
618 317 660 380 25

77 515 104 556 v.
129 494 191 557 691
219 499 251 558 et
274 493 348 558 692.
378 487 465 576 άγαν
492 486 525 557 δ’
554 486 691 579 άληθεϊς
719 492 898 559 ἐνυπνίων
928 491 1198 578 φαντασμάτων

378 593 481 683 όφεις,
505 595 685 686 πατρῴων
707 596 906 687 χρημάτων
932 596 1089 686 δατήριοι.

124 729 150 770 v.
177 707 271 772 1012.
296 702 361 789 ἐγώ
386 724 448 788 σφε
472 702 582 790 θάψω
606 699 693 772 κάνόι
717 708 879 772 κίνδυνον
902 711 999 787 βαλῶ

123 836 150 877 v.
177 814 271 878 1016.
294 805 436 900 μήτρός
462 814 620 899 ταλαίνης
647 805 737 878 κάπό
768 809 935 900 δυστήνου
962 810 1116 899 πατρός.

79 939 166 1016 Quae
190 939 272 1002 ratio
296 939 431 1003 maxime
454 940 620 1022 perspicua
642 944 699 1016 est,
723 961 793 1003 oum
817 937 939 1023 syllaba
961 941 1103 1021 proxime
1126 947 1200 1004 ante

78 1066 241 1110 caesuram
273 1046 377 1129 posita
404 1051 563 1110 extremae
591 1047 689 1110 totius
717 1067 825 1110 versus
854 1044 994 1129 syllabae
1021 1047 1201 1129 respondet,

78 1151 126 1216 uti
150 1154 182 1216 in
206 1151 349 1216 versibus
375 1153 447 1230 164,
471 1153 546 1229 260,
572 1153 665 1217 1012.

169 1275 273 1341 Multa
300 1298 367 1342 esse
395 1277 548 1342 eiusmodi
576 1276 719 1360 exempla
746 1298 809 1341 non
837 1282 898 1354 est,
926 1277 1011 1359 quod
1039 1278 1200 1341 miremur:

77 1403 154 1448 nam
176 1383 246 1466 ipsa
269 1383 395 1467 linguae
419 1390 533 1448 natura
556 1385 603 1449 ita
625 1383 696 1448 fert.

169 1489 270 1567 Quam
293 1489 333 1554 ob
361 1512 428 1555 rem
451 1512 565 1574 operae
588 1491 726 1574 pretium
754 1511 817 1555 non
840 1491 966 1554 videtur
990 1511 1071 1568 esse,
1098 1491 1203 1556 omnia

79 1596 175 1662 huius
198 1598 246 1661 rei
269 1597 412 1680 exempla
435 1617 627 1662 enumerare.

169 1705 301 1769 Poetam
337 1704 398 1769 sibi
435 1706 592 1770 conscium
624 1703 721 1769 fuisse
754 1705 906 1770 orationis
944 1709 1203 1770 ornamentorum

78 1811 205 1887 talium,
234 1811 340 1896 qualia
367 1817 507 1877 extremo
534 1812 603 1877 loeo
630 1813 738 1890 attuli,
766 1833 869 1895 neque
892 1811 1060 1894 quisquam
1085 1812 1203 1894 poterit

80 1919 298 1984 demonstrare
329 1940 386 1984 nee
418 1919 508 1984 volet.
559 1918 607 1983 Ne
640 1921 672 1983 in
705 1918 864 2002 prioribus
892 1919 1020 2001 quidem
1051 1918 1201 1982 rimorum

80 2025 249 2109 generibus
273 2026 446 2109 disputatio
471 2047 508 2090 ea
531 2025 655 2091 facilior
678 2028 753 2103 erit,
781 2047 843 2109 quo
870 2046 970 2108 usque
994 2028 1106 2108 poetae
1130 2045 1202 2087 oon-

80 2131 187 2198 silium
210 2138 327 2215 pateat.
364 2133 412 2196 Ao
434 2156 474 2197 ue
497 2133 630 2198 interest
654 2133 782 2218 quidem
806 2153 876 2196 eam
898 2133 1116 2214 quaestionem
1138 2134 1202 2194 tra-

80 2240 170 2304 ctari.
217 2239 365 2303 Animum
387 2241 552 2305 advertere
575 2240 653 2305 haee
676 2245 707 2304 et
731 2239 810 2305 talia
832 2239 909 2304 satis
932 2238 1092 2302 habemus.

171 2346 277 2428 Digni,
295 2348 349 2428 qui
368 2346 572 2430 singulariter
590 2353 749 2422 notentur,
768 2347 798 2410 ei
820 2345 881 2410 looi
900 2345 1058 2420 videntur,
1080 2345 1114 2408 in
1133 2345 1202 2426 qui-

78 2452 141 2518 bus
165 2453 214 2517 bis
237 2452 331 2518 binae
354 2452 474 2518 formae
497 2453 531 2518 in
554 2453 639 2518 hune
661 2454 789 2518 modum
813 2451 999 2517 coniunctae
1022 2455 1104 2528 sunt,
1127 2456 1163 2514 ut

171 2582 198 2623 v.
222 2560 274 2624 47.
299 2561 350 2624 48.

638 2640 889 2734 ὡρκωμότησαν
914 2699 920 2713 .
942 2700 948 2712 .
970 2701 975 2711 .

252 2754 388 2833 θέντες
411 2751 588 2835 λαπάξειν
613 2748 696 2820 άστυ
720 2755 897 2838 Καδμείων
921 2756 977 2842 βίᾳ

252 2854 273 2950 ή
295 2871 357 2949 γῆν
380 2858 565 2940 θανόντες
588 2857 688 2949 τήνδε
711 2856 892 2947 φυράσειν
917 2857 1023 2946 φόνῳ.

149 2987 226 3052 Eius
250 2987 426 3052 simillimus
450 2994 498 3053 est
521 2987 620 3065 loeus,
648 2989 702 3070 qui
731 2987 872 3052 versibus
895 2985 960 3051 458
985 2992 1017 3050 et
1040 2986 1107 3050 460
1130 3006 1203 3050 oon-

80 3095 203 3158 tinetm·
229 3133 269 3142 -
292 3116 355 3158 uno
380 3116 472 3159 versu
495 3095 683 3176 interposito
709 3133 749 3141 -

246 3211 318 3283 άλλ>
340 3211 361 3304 ἢ
384 3210 514 3284 θανοόν
536 3231 678 3304 τροφεῖα
701 3213 883 3304 πληρώσει
904 3219 1017 3301 χθονί,

244 3317 264 3410 ή
288 3327 345 3389 καὶ
369 3318 423 3389 δύ)
447 3318 548 3409 άνδρε
572 3326 629 3389 καὶ
652 3316 790 3407 πόλισμ’
815 3316 871 3388 ἐπ’
896 3317 1036 3400 άσπλδος

245 3423 340 3496 ἑλῶν
364 3427 525 3516 λαφύροις
550 3432 643 3515 δῶμα
667 3426 838 3514 κοσμήσει
860 3425 997 3513 πατρός.
1009 3431 1035 3515 1)

173 3556 276 3622 Aliter
299 3556 533 3621 distribuuntur
556 3577 645 3620 voees
673 3557 756 3619 inter
780 3578 812 3621 se
836 3555 1061 3638 respondentes
1083 3577 1111 3618 v.
1131 3554 1205 3630 374,

82 3663 165 3730 375:
367 3668 375 3681 ‘

176 3895 193 3960 ¹)
209 3886 411 3961 Ὁμοτὲλευτον

517 3961 638 4027 eufron:
659 3959 775 4033 πατρός

82 4055 157 4108 bene
184 4053 308 4110 adnectit
336 4070 443 4109 versum
472 4054 549 4120 ludo,
579 4052 626 4122 qui
650 4059 691 4106 est
715 4052 743 4106 in
767 4051 891 4106 versibus
915 4051 967 4106 458
986 4056 1014 4105 et
1033 4050 1093 4116 460,
1118 4049 1203 4104 inter-

82 4142 211 4215 positum.
