<?xml version="1.0" encoding="UTF-8"?>
<!DOCTYPE html PUBLIC "-//W3C//DTD XHTML 1.0 Transitional//EN"
    "http://www.w3.org/TR/xhtml1/DTD/xhtml1-transitional.dtd">
<html xmlns="http://www.w3.org/1999/xhtml" xml:lang="en" lang="en">
 <head>
  <title>
</title>
<meta http-equiv="Content-Type" content="text/html;charset=utf-8" />
  <meta name='ocr-system' content='tesseract 3.04.00' />
  <meta name='ocr-capabilities' content='ocr_page ocr_carea ocr_par ocr_line ocrx_word'/>
</head>
<body>
  <div class='ocr_page' id='page_1' title='image "./dearteaeschylio00beergoog_0041.png"; bbox 0 0 2864 4770; ppageno 0'>
   <div class='ocr_carea' id='block_1_1' title="bbox 690 296 733 361">
    <p class='ocr_par' dir='ltr' id='par_1_1' title="bbox 690 296 733 361">
     <span class='ocr_line' id='line_1_1' title="bbox 690 296 733 361; baseline 0.047 -2"><span class='ocrx_word' id='word_1_1' title='bbox 690 296 733 361; x_wconf 83' lang='lat'>34</span> 
     </span>
    </p>
   </div>
   <div class='ocr_carea' id='block_1_2' title="bbox 151 462 1279 1200">
    <p class='ocr_par' dir='ltr' id='par_1_2' title="bbox 151 462 1279 1200">
     <span class='ocr_line' id='line_1_2' title="bbox 267 462 1087 562; baseline -0.005 -21"><span class='ocrx_word' id='word_1_2' title='bbox 267 479 335 541; x_wconf 78' lang='grc' dir='ltr'>ΕΛ.</span> <span class='ocrx_word' id='word_1_3' title='bbox 360 501 380 562; x_wconf 81' lang='grc' dir='ltr'><em>η</em></span> <span class='ocrx_word' id='word_1_4' title='bbox 404 479 516 560; x_wconf 80' lang='grc' dir='ltr'><strong><em>Μοῖρα</em></strong></span> <span class='ocrx_word' id='word_1_5' title='bbox 540 469 685 553; x_wconf 75' lang='grc' dir='ltr'><strong><em>τοότοον,</em></strong></span> <span class='ocrx_word' id='word_1_6' title='bbox 709 462 738 537; x_wconf 78' lang='grc' dir='ltr'><em>ὦ</em></span> <span class='ocrx_word' id='word_1_7' title='bbox 761 473 894 552; x_wconf 81' lang='grc' dir='ltr'><strong><em>τέκνον,</em></strong></span> <span class='ocrx_word' id='word_1_8' title='bbox 917 474 1087 558; x_wconf 77' lang='grc' dir='ltr'><strong><em>παραιτία.</em></strong></span> 
     </span>
     <span class='ocr_line' id='line_1_3' title="bbox 269 573 1152 665; baseline -0.003 -18"><span class='ocrx_word' id='word_1_9' title='bbox 269 587 332 648; x_wconf 86' lang='grc' dir='ltr'>ΟΡ.</span> <span class='ocrx_word' id='word_1_10' title='bbox 356 584 413 647; x_wconf 84' lang='grc' dir='ltr'>καὶ</span> <span class='ocrx_word' id='word_1_11' title='bbox 435 578 535 647; x_wconf 80' lang='grc' dir='ltr'><strong><em>τόνδε</em></strong></span> <span class='ocrx_word' id='word_1_12' title='bbox 559 582 677 646; x_wconf 81' lang='grc' dir='ltr'><strong><em>τοίνυν</em></strong></span> <span class='ocrx_word' id='word_1_13' title='bbox 701 573 800 665; x_wconf 74' lang='grc' dir='ltr'><strong><em>Μοῖρ’</em></strong></span> <span class='ocrx_word' id='word_1_14' title='bbox 825 575 1012 664; x_wconf 71' lang='grc' dir='ltr'><strong><em>ἐπόρσυνεν</em></strong></span> <span class='ocrx_word' id='word_1_15' title='bbox 1034 575 1152 665; x_wconf 93' lang='grc' dir='ltr'><strong><em>μόρον.</em></strong></span> 
     </span>
     <span class='ocr_line' id='line_1_4' title="bbox 151 687 1279 772; baseline -0.002 -18"><span class='ocrx_word' id='word_1_16' title='bbox 151 691 233 755; x_wconf 88' lang='lat' dir='ltr'>Nam</span> <span class='ocrx_word' id='word_1_17' title='bbox 260 695 367 754; x_wconf 92' lang='lat' dir='ltr'>utrum</span> <span class='ocrx_word' id='word_1_18' title='bbox 393 694 489 772; x_wconf 89' lang='lat' dir='ltr'>poeta</span> <span class='ocrx_word' id='word_1_19' title='bbox 516 688 556 754; x_wconf 92' lang='lat' dir='ltr'>de</span> <span class='ocrx_word' id='word_1_20' title='bbox 583 687 741 752; x_wconf 81' lang='lat' dir='ltr'>communi</span> <span class='ocrx_word' id='word_1_21' title='bbox 767 687 894 752; x_wconf 88' lang='lat' dir='ltr'>illarum</span> <span class='ocrx_word' id='word_1_22' title='bbox 922 708 1033 752; x_wconf 89' lang='lat' dir='ltr'>vooum</span> <span class='ocrx_word' id='word_1_23' title='bbox 1061 688 1160 770; x_wconf 78' lang='lat' dir='ltr'><strong>stirpe</strong></span> <span class='ocrx_word' id='word_1_24' title='bbox 1185 691 1279 752; x_wconf 73' lang='lat' dir='ltr'>Mae</span> 
     </span>
     <span class='ocr_line' id='line_1_5' title="bbox 153 794 1277 883; baseline -0.002 -23"><span class='ocrx_word' id='word_1_25' title='bbox 153 796 334 883; x_wconf 75' lang='grc' dir='ltr'><strong><em>(μείρομαι)</em></strong></span> <span class='ocrx_word' id='word_1_26' title='bbox 367 797 514 880; x_wconf 86' lang='lat' dir='ltr'>cogitarit</span> <span class='ocrx_word' id='word_1_27' title='bbox 546 817 587 860; x_wconf 87' lang='lat' dir='ltr'>an</span> <span class='ocrx_word' id='word_1_28' title='bbox 616 816 691 871; x_wconf 88' lang='lat' dir='ltr'>non,</span> <span class='ocrx_word' id='word_1_29' title='bbox 722 795 803 859; x_wconf 90' lang='lat' dir='ltr'>nihil</span> <span class='ocrx_word' id='word_1_30' title='bbox 835 795 981 859; x_wconf 84' lang='lat' dir='ltr'>interest:</span> <span class='ocrx_word' id='word_1_31' title='bbox 1012 816 1069 878; x_wconf 91' lang='lat' dir='ltr'>per</span> <span class='ocrx_word' id='word_1_32' title='bbox 1100 794 1216 859; x_wconf 91' lang='lat' dir='ltr'>ludum</span> <span class='ocrx_word' id='word_1_33' title='bbox 1247 799 1277 860; x_wconf 91' lang='lat' dir='ltr'>et</span> 
     </span>
     <span class='ocr_line' id='line_1_6' title="bbox 152 901 1278 987; baseline -0.003 -19"><span class='ocrx_word' id='word_1_34' title='bbox 152 904 228 987; x_wconf 87' lang='lat' dir='ltr'>quia</span> <span class='ocrx_word' id='word_1_35' title='bbox 249 903 456 969; x_wconf 75' lang='lat' dir='ltr'>similitudine</span> <span class='ocrx_word' id='word_1_36' title='bbox 480 903 549 968; x_wconf 90' lang='lat' dir='ltr'>soni</span> <span class='ocrx_word' id='word_1_37' title='bbox 568 901 797 979; x_wconf 78' lang='lat' dir='ltr'>delectabatur,</span> <span class='ocrx_word' id='word_1_38' title='bbox 818 922 890 967; x_wconf 89' lang='lat' dir='ltr'>eum</span> <span class='ocrx_word' id='word_1_39' title='bbox 907 921 999 968; x_wconf 84' lang='lat' dir='ltr'>voees</span> <span class='ocrx_word' id='word_1_40' title='bbox 1021 901 1093 967; x_wconf 89' lang='lat' dir='ltr'>illas</span> <span class='ocrx_word' id='word_1_41' title='bbox 1112 922 1278 986; x_wconf 82' lang='lat' dir='ltr'>composu-</span> 
     </span>
     <span class='ocr_line' id='line_1_7' title="bbox 152 1010 526 1077; baseline -0.003 -3"><span class='ocrx_word' id='word_1_42' title='bbox 152 1011 214 1077; x_wconf 88' lang='lat' dir='ltr'>isse</span> <span class='ocrx_word' id='word_1_43' title='bbox 237 1010 447 1075; x_wconf 81' lang='lat' dir='ltr'>certissimum</span> <span class='ocrx_word' id='word_1_44' title='bbox 470 1015 526 1073; x_wconf 93' lang='lat' dir='ltr'>est.</span> 
     </span>
     <span class='ocr_line' id='line_1_8' title="bbox 241 1115 710 1200; baseline -0.006 -18"><span class='ocrx_word' id='word_1_45' title='bbox 241 1116 325 1182; x_wconf 88' lang='lat' dir='ltr'>Num</span> <span class='ocrx_word' id='word_1_46' title='bbox 348 1115 477 1200; x_wconf 87' lang='lat' dir='ltr'>Septem</span> <span class='ocrx_word' id='word_1_47' title='bbox 499 1137 608 1181; x_wconf 85' lang='lat' dir='ltr'>versus</span> <span class='ocrx_word' id='word_1_48' title='bbox 631 1116 710 1180; x_wconf 79' lang='lat'>359:</span> 
     </span>
    </p>
   </div>
   <div class='ocr_carea' id='block_1_3' title="bbox 152 1223 1286 2646">
    <p class='ocr_par' dir='ltr' id='par_1_3' title="bbox 152 1223 1099 1450">
     <span class='ocr_line' id='line_1_9' title="bbox 328 1223 1099 1328; baseline -0.001 -23"><span class='ocrx_word' id='word_1_49' title='bbox 328 1241 451 1327; x_wconf 78' lang='grc' dir='ltr'><strong><em>βρέμει,</em></strong></span> <span class='ocrx_word' id='word_1_50' title='bbox 473 1223 585 1327; x_wconf 81' lang='grc' dir='ltr'><strong><em>πόρον</em></strong></span> <span class='ocrx_word' id='word_1_51' title='bbox 609 1234 642 1306; x_wconf 82' lang='lat' dir='ltr'>d&#39;</span> <span class='ocrx_word' id='word_1_52' title='bbox 665 1232 816 1327; x_wconf 81' lang='grc' dir='ltr'><strong><em>Ἰσμηνόν</em></strong></span> <span class='ocrx_word' id='word_1_53' title='bbox 840 1233 903 1305; x_wconf 86' lang='grc' dir='ltr'>οόκ</span> <span class='ocrx_word' id='word_1_54' title='bbox 928 1239 966 1328; x_wconf 77' lang='grc' dir='ltr'>ἐᾷ</span> <span class='ocrx_word' id='word_1_55' title='bbox 989 1248 1099 1325; x_wconf 80' lang='grc' dir='ltr'><strong><em>περᾶν</em></strong></span> 
     </span>
     <span class='ocr_line' id='line_1_10' title="bbox 152 1364 1013 1450; baseline -0.001 -19"><span class='ocrx_word' id='word_1_56' title='bbox 152 1367 216 1432; x_wconf 89' lang='lat' dir='ltr'>hue</span> <span class='ocrx_word' id='word_1_57' title='bbox 237 1366 350 1432; x_wconf 89' lang='lat' dir='ltr'>referri</span> <span class='ocrx_word' id='word_1_58' title='bbox 372 1370 488 1450; x_wconf 89' lang='lat' dir='ltr'>posset,</span> <span class='ocrx_word' id='word_1_59' title='bbox 511 1364 709 1442; x_wconf 85' lang='lat' dir='ltr'>dubitabam,</span> <span class='ocrx_word' id='word_1_60' title='bbox 732 1366 848 1430; x_wconf 90' lang='lat' dir='ltr'>iniuria</span> <span class='ocrx_word' id='word_1_61' title='bbox 870 1364 1013 1431; x_wconf 68' lang='lat' dir='ltr'>fortasse,</span> 
     </span>
    </p>

    <p class='ocr_par' dir='ltr' id='par_1_4' title="bbox 153 1471 1283 1771">
     <span class='ocr_line' id='line_1_11' title="bbox 242 1471 1281 1555; baseline -0.004 -16"><span class='ocrx_word' id='word_1_62' title='bbox 242 1473 361 1539; x_wconf 83' lang='lat' dir='ltr'>Sonum</span> <span class='ocrx_word' id='word_1_63' title='bbox 384 1477 508 1538; x_wconf 84' lang='lat' dir='ltr'>tautum</span> <span class='ocrx_word' id='word_1_64' title='bbox 530 1474 624 1539; x_wconf 90' lang='lat' dir='ltr'>modo</span> <span class='ocrx_word' id='word_1_65' title='bbox 648 1471 782 1537; x_wconf 86' lang='lat' dir='ltr'>similem</span> <span class='ocrx_word' id='word_1_66' title='bbox 805 1494 899 1555; x_wconf 81' lang='lat' dir='ltr'>saepe</span> <span class='ocrx_word' id='word_1_67' title='bbox 917 1493 1047 1538; x_wconf 87' lang='lat' dir='ltr'>numero</span> <span class='ocrx_word' id='word_1_68' title='bbox 1071 1475 1188 1555; x_wconf 84' lang='lat' dir='ltr'>poetae</span> <span class='ocrx_word' id='word_1_69' title='bbox 1208 1493 1281 1536; x_wconf 88' lang='lat' dir='ltr'>oon-</span> 
     </span>
     <span class='ocr_line' id='line_1_12' title="bbox 155 1577 1283 1663; baseline -0.002 -17"><span class='ocrx_word' id='word_1_70' title='bbox 155 1581 234 1647; x_wconf 88' lang='lat' dir='ltr'>siliis</span> <span class='ocrx_word' id='word_1_71' title='bbox 261 1580 366 1645; x_wconf 83' lang='lat' dir='ltr'>faeere</span> <span class='ocrx_word' id='word_1_72' title='bbox 399 1581 476 1645; x_wconf 87' lang='lat' dir='ltr'>satis</span> <span class='ocrx_word' id='word_1_73' title='bbox 509 1579 656 1663; x_wconf 83' lang='lat' dir='ltr'>stirpium</span> <span class='ocrx_word' id='word_1_74' title='bbox 688 1579 883 1662; x_wconf 83' lang='lat' dir='ltr'>cognationis</span> <span class='ocrx_word' id='word_1_75' title='bbox 915 1581 1039 1646; x_wconf 87' lang='lat' dir='ltr'>ratione</span> <span class='ocrx_word' id='word_1_76' title='bbox 1071 1599 1135 1644; x_wconf 90' lang='lat' dir='ltr'>non</span> <span class='ocrx_word' id='word_1_77' title='bbox 1167 1577 1283 1644; x_wconf 86' lang='lat' dir='ltr'>habita</span> 
     </span>
     <span class='ocr_line' id='line_1_13' title="bbox 153 1685 1059 1771; baseline -0.004 -19"><span class='ocrx_word' id='word_1_78' title='bbox 153 1688 261 1753; x_wconf 91' lang='lat' dir='ltr'>multis</span> <span class='ocrx_word' id='word_1_79' title='bbox 284 1687 356 1753; x_wconf 87' lang='lat' dir='ltr'>aliis</span> <span class='ocrx_word' id='word_1_80' title='bbox 379 1688 530 1770; x_wconf 88' lang='lat' dir='ltr'>exemplis</span> <span class='ocrx_word' id='word_1_81' title='bbox 553 1685 716 1771; x_wconf 86' lang='lat' dir='ltr'>probatur,</span> <span class='ocrx_word' id='word_1_82' title='bbox 741 1686 848 1770; x_wconf 91' lang='lat' dir='ltr'>qualia</span> <span class='ocrx_word' id='word_1_83' title='bbox 871 1685 951 1752; x_wconf 87' lang='lat' dir='ltr'>haee</span> <span class='ocrx_word' id='word_1_84' title='bbox 973 1692 1059 1751; x_wconf 88' lang='lat' dir='ltr'>sunt:</span> 
     </span>
    </p>

    <p class='ocr_par' dir='ltr' id='par_1_5' title="bbox 288 1793 662 1878">
     <span class='ocr_line' id='line_1_14' title="bbox 288 1793 662 1878; baseline -0.003 -18"><span class='ocrx_word' id='word_1_85' title='bbox 288 1793 415 1878; x_wconf 83' lang='lat' dir='ltr'>Septem</span> <span class='ocrx_word' id='word_1_86' title='bbox 438 1816 465 1859; x_wconf 84' lang='lat' dir='ltr'>v.</span> <span class='ocrx_word' id='word_1_87' title='bbox 489 1793 564 1859; x_wconf 83' lang='lat'><strong>409.</strong></span> <span class='ocrx_word' id='word_1_88' title='bbox 588 1793 662 1859; x_wconf 80' lang='lat'>410.</span> 
     </span>
    </p>

    <p class='ocr_par' dir='ltr' id='par_1_6' title="bbox 321 1891 1102 2092">
     <span class='ocr_line' id='line_1_15' title="bbox 779 1891 1044 1985; baseline 0 -22"><span class='ocrx_word' id='word_1_89' title='bbox 779 1892 858 1964; x_wconf 80' lang='grc' dir='ltr'><strong><em>οόόέ·</em></strong></span> <span class='ocrx_word' id='word_1_90' title='bbox 881 1891 943 1985; x_wconf 80' lang='grc' dir='ltr'>τὴν</span> <span class='ocrx_word' id='word_1_91' title='bbox 967 1891 1044 1975; x_wconf 84' lang='grc' dir='ltr'><strong><em>Διὸς</em></strong></span> 
     </span>
     <span class='ocr_line' id='line_1_16' title="bbox 321 1997 1102 2092; baseline -0.003 -22"><span class='ocrx_word' id='word_1_92' title='bbox 321 2001 410 2092; x_wconf 79' lang='grc' dir='ltr'><strong><em>’Ὲριν</em></strong></span> <span class='ocrx_word' id='word_1_93' title='bbox 434 2005 536 2090; x_wconf 67' lang='lat' dir='ltr'>stop</span> <span class='ocrx_word' id='word_1_94' title='bbox 561 2002 738 2092; x_wconf 79' lang='grc' dir='ltr'><strong><em>σκήψασαν</em></strong></span> <span class='ocrx_word' id='word_1_95' title='bbox 762 1997 935 2090; x_wconf 75' lang='grc' dir='ltr'><strong><em>ἐμποδών</em></strong></span> <span class='ocrx_word' id='word_1_96' title='bbox 960 2010 1102 2090; x_wconf 71' lang='grc' dir='ltr'><strong><em>σχυθεῑν.</em></strong></span> 
     </span>
    </p>

    <p class='ocr_par' dir='ltr' id='par_1_7' title="bbox 289 2112 619 2178">
     <span class='ocr_line' id='line_1_17' title="bbox 289 2112 619 2178; baseline -0.003 0"><span class='ocrx_word' id='word_1_97' title='bbox 289 2115 372 2178; x_wconf 89' lang='lat' dir='ltr'>Pers.</span> <span class='ocrx_word' id='word_1_98' title='bbox 396 2135 423 2176; x_wconf 85' lang='lat' dir='ltr'>v.</span> <span class='ocrx_word' id='word_1_99' title='bbox 448 2112 522 2177; x_wconf 83' lang='lat'><strong>205.</strong></span> <span class='ocrx_word' id='word_1_100' title='bbox 546 2113 619 2178; x_wconf 82' lang='lat'>206.</span> 
     </span>
    </p>

    <p class='ocr_par' dir='ltr' id='par_1_8' title="bbox 298 2211 1016 2306">
     <span class='ocr_line' id='line_1_18' title="bbox 298 2211 1016 2306; baseline -0.001 -22"><span class='ocrx_word' id='word_1_101' title='bbox 298 2213 369 2306; x_wconf 81' lang='grc' dir='ltr'><strong><em>ὃροῦ</em></strong></span> <span class='ocrx_word' id='word_1_102' title='bbox 393 2219 429 2284; x_wconf 72' lang='lat' dir='ltr'>dl</span> <span class='ocrx_word' id='word_1_103' title='bbox 452 2211 615 2303; x_wconf 73' lang='grc' dir='ltr'><strong><em>φεύγοντ’</em></strong></span> <span class='ocrx_word' id='word_1_104' title='bbox 639 2211 741 2284; x_wconf 74' lang='grc' dir='ltr'><strong><em>αυτόν</em></strong></span> <span class='ocrx_word' id='word_1_105' title='bbox 763 2212 850 2305; x_wconf 87' lang='grc' dir='ltr'><strong><em>πρός</em></strong></span> <span class='ocrx_word' id='word_1_106' title='bbox 873 2216 1016 2305; x_wconf 80' lang='grc' dir='ltr'><strong><em>ἐσχάραν</em></strong></span> 
     </span>
    </p>

    <p class='ocr_par' dir='ltr' id='par_1_9' title="bbox 155 2318 1286 2646">
     <span class='ocr_line' id='line_1_19' title="bbox 301 2318 1129 2413; baseline -0.002 -21"><span class='ocrx_word' id='word_1_107' title='bbox 301 2328 443 2407; x_wconf 79' lang='grc' dir='ltr'><strong><em>Φοίβου·</em></strong></span> <span class='ocrx_word' id='word_1_108' title='bbox 468 2321 565 2411; x_wconf 78' lang='grc' dir='ltr'><strong><em>φόβῳ</em></strong></span> <span class='ocrx_word' id='word_1_109' title='bbox 590 2318 624 2391; x_wconf 79' lang='lat' dir='ltr'>‹l&#39;</span> <span class='ocrx_word' id='word_1_110' title='bbox 648 2319 821 2411; x_wconf 78' lang='grc' dir='ltr'><strong><em>ἄφθογγος</em></strong></span> <span class='ocrx_word' id='word_1_111' title='bbox 845 2322 1003 2413; x_wconf 78' lang='grc' dir='ltr'><strong><em>ἐστάθην,</em></strong></span> <span class='ocrx_word' id='word_1_112' title='bbox 1027 2327 1129 2409; x_wconf 82' lang='grc' dir='ltr'><strong><em>φίλοι.</em></strong></span> 
     </span>
     <span class='ocr_line' id='line_1_20' title="bbox 155 2451 1039 2530; baseline -0.005 -12"><span class='ocrx_word' id='word_1_113' title='bbox 155 2453 211 2518; x_wconf 86' lang='lat' dir='ltr'>Do</span> <span class='ocrx_word' id='word_1_114' title='bbox 234 2453 285 2517; x_wconf 82' lang='lat' dir='ltr'>seb</span> <span class='ocrx_word' id='word_1_115' title='bbox 307 2472 348 2518; x_wconf 76' lang='grc' dir='ltr'>αα</span> <span class='ocrx_word' id='word_1_116' title='bbox 371 2451 514 2516; x_wconf 76' lang='lat' dir='ltr'>Phoebus</span> <span class='ocrx_word' id='word_1_117' title='bbox 537 2451 636 2515; x_wconf 78' lang='lat' dir='ltr'>Alter</span> <span class='ocrx_word' id='word_1_118' title='bbox 654 2452 744 2515; x_wconf 77' lang='grc' dir='ltr'><strong><em>ονἀοο</em></strong></span> <span class='ocrx_word' id='word_1_119' title='bbox 766 2451 839 2516; x_wconf 82' lang='lat' dir='ltr'>Aur</span> <span class='ocrx_word' id='word_1_120' title='bbox 861 2451 911 2515; x_wconf 83' lang='lat' dir='ltr'>iob</span> <span class='ocrx_word' id='word_1_121' title='bbox 933 2451 1039 2530; x_wconf 60' lang='grc' dir='ltr'><strong><em>μέσον,</em></strong></span> 
     </span>
     <span class='ocr_line' id='line_1_21' title="bbox 162 2557 1286 2646; baseline -0.002 -21"><span class='ocrx_word' id='word_1_122' title='bbox 162 2559 372 2626; x_wconf 72' lang='lat' dir='ltr'>onerarat</span> <span class='ocrx_word' id='word_1_123' title='bbox 390 2558 507 2639; x_wconf 76' lang='lat' dir='ltr'>orfasst</span> <span class='ocrx_word' id='word_1_124' title='bbox 519 2558 609 2636; x_wconf 73' lang='lat' dir='ltr'>ratolt,</span> <span class='ocrx_word' id='word_1_125' title='bbox 624 2557 784 2636; x_wconf 67' lang='lat' dir='ltr'>Fretum,</span> <span class='ocrx_word' id='word_1_126' title='bbox 802 2560 877 2623; x_wconf 80' lang='lat' dir='ltr'>dass</span> <span class='ocrx_word' id='word_1_127' title='bbox 892 2559 952 2622; x_wconf 80' lang='lat' dir='ltr'>dos</span> <span class='ocrx_word' id='word_1_128' title='bbox 972 2557 1063 2624; x_wconf 78' lang='lat' dir='ltr'>Wort</span> <span class='ocrx_word' id='word_1_129' title='bbox 1080 2559 1143 2622; x_wconf 75' lang='lat' dir='ltr'>nair</span> <span class='ocrx_word' id='word_1_130' title='bbox 1161 2558 1286 2646; x_wconf 47' lang='lat' dir='ltr'>fehlt&amp;</span> 
     </span>
    </p>
   </div>
   <div class='ocr_carea' id='block_1_4' title="bbox 156 2682 1287 3533">
    <p class='ocr_par' dir='ltr' id='par_1_10' title="bbox 156 2682 1287 3533">
     <span class='ocr_line' id='line_1_22' title="bbox 244 2682 1287 2767; baseline 0.001 -19"><span class='ocrx_word' id='word_1_131' title='bbox 244 2682 382 2749; x_wconf 85' lang='lat' dir='ltr'>Facilius</span> <span class='ocrx_word' id='word_1_132' title='bbox 406 2685 502 2748; x_wconf 89' lang='lat' dir='ltr'>etiam</span> <span class='ocrx_word' id='word_1_133' title='bbox 525 2682 655 2748; x_wconf 90' lang='lat' dir='ltr'>auribus</span> <span class='ocrx_word' id='word_1_134' title='bbox 681 2684 803 2766; x_wconf 78' lang='lat' dir='ltr'>percipi</span> <span class='ocrx_word' id='word_1_135' title='bbox 831 2682 990 2748; x_wconf 85' lang='lat' dir='ltr'>debebant</span> <span class='ocrx_word' id='word_1_136' title='bbox 1013 2683 1158 2767; x_wconf 86' lang='lat' dir='ltr'>exempla</span> <span class='ocrx_word' id='word_1_137' title='bbox 1185 2683 1287 2749; x_wconf 88' lang='lat' dir='ltr'>haece</span> 
     </span>
     <span class='ocr_line' id='line_1_23' title="bbox 156 2779 1089 2877; baseline -0.001 -22"><span class='ocrx_word' id='word_1_138' title='bbox 156 2791 408 2877; x_wconf 78' lang='grc' dir='ltr'><strong><em>παρονομασίας</em></strong></span> <span class='ocrx_word' id='word_1_139' title='bbox 431 2789 497 2855; x_wconf 87' lang='lat' dir='ltr'>sive</span> <span class='ocrx_word' id='word_1_140' title='bbox 519 2789 786 2855; x_wconf 89' lang='lat' dir='ltr'>annominationis</span> <span class='ocrx_word' id='word_1_141' title='bbox 809 2791 868 2872; x_wconf 84' lang='lat' dir='ltr'>Ag.</span> <span class='ocrx_word' id='word_1_142' title='bbox 891 2812 917 2855; x_wconf 86' lang='lat' dir='ltr'>v.</span> <span class='ocrx_word' id='word_1_143' title='bbox 942 2790 1003 2854; x_wconf 88' lang='grc'>681</span> <span class='ocrx_word' id='word_1_144' title='bbox 1030 2779 1089 2872; x_wconf 89' lang='lat' dir='ltr'>sq.:</span> 
     </span>
     <span class='ocr_line' id='line_1_24' title="bbox 259 2903 1112 3003; baseline 0 -25"><span class='ocrx_word' id='word_1_145' title='bbox 259 2916 310 3003; x_wconf 81' lang='grc' dir='ltr'>Τίς</span> <span class='ocrx_word' id='word_1_146' title='bbox 333 2907 415 2980; x_wconf 82' lang='grc' dir='ltr'>ποτ&gt;</span> <span class='ocrx_word' id='word_1_147' title='bbox 439 2907 613 2998; x_wconf 73' lang='grc' dir='ltr'><strong><em>οόνόμαζέν</em></strong></span> <span class='ocrx_word' id='word_1_148' title='bbox 638 2903 702 2978; x_wconf 77' lang='lat' dir='ltr'>oid&#39;</span> <span class='ocrx_word' id='word_1_149' title='bbox 727 2913 759 2991; x_wconf 88' lang='grc' dir='ltr'>ἐς</span> <span class='ocrx_word' id='word_1_150' title='bbox 783 2906 823 2979; x_wconf 89' lang='grc' dir='ltr'>τό</span> <span class='ocrx_word' id='word_1_151' title='bbox 847 2922 917 2979; x_wconf 79' lang='grc' dir='ltr'>πᾶν</span> <span class='ocrx_word' id='word_1_152' title='bbox 941 2910 1176 3001; x_wconf 82' lang='grc' dir='ltr'><strong><em>ἐτητύμως</em></strong></span> 
     </span>
     <span class='ocr_line' id='line_1_25' title="bbox 251 3015 725 3104; baseline -0.006 -17"><span class='ocrx_word' id='word_1_153' title='bbox 251 3017 403 3101; x_wconf 80' lang='grc' dir='ltr'><strong><em>Ἑλέναν;</em></strong></span> <span class='ocrx_word' id='word_1_154' title='bbox 427 3020 501 3086; x_wconf 84' lang='grc' dir='ltr'><strong><em>ἐπεὶ</em></strong></span> <span class='ocrx_word' id='word_1_155' title='bbox 523 3015 725 3104; x_wconf 80' lang='grc' dir='ltr'><strong><em>πρεπόντως</em></strong></span> 
     </span>
     <span class='ocr_line' id='line_1_26' title="bbox 258 3122 800 3211; baseline 0.002 -19"><span class='ocrx_word' id='word_1_156' title='bbox 258 3124 403 3209; x_wconf 76' lang='grc' dir='ltr'><strong><em>ἓλέναυς,</em></strong></span> <span class='ocrx_word' id='word_1_157' title='bbox 426 3125 596 3211; x_wconf 77' lang='grc' dir='ltr'><strong><em>ἕλανδρος,</em></strong></span> <span class='ocrx_word' id='word_1_158' title='bbox 621 3122 800 3204; x_wconf 75' lang='grc' dir='ltr'><strong><em>ἓλέπτολις.</em></strong></span> 
     </span>
     <span class='ocr_line' id='line_1_27' title="bbox 291 3227 1059 3320; baseline -0.003 -20"><span class='ocrx_word' id='word_1_159' title='bbox 291 3237 348 3320; x_wconf 80' lang='lat' dir='ltr'>Ag.</span> <span class='ocrx_word' id='word_1_160' title='bbox 371 3258 398 3300; x_wconf 81' lang='lat' dir='ltr'>v.</span> <span class='ocrx_word' id='word_1_161' title='bbox 425 3235 511 3299; x_wconf 83' lang='lat'>1080</span> <span class='ocrx_word' id='word_1_162' title='bbox 535 3257 596 3317; x_wconf 63' lang='lat' dir='ltr'>sep:</span> <span class='ocrx_word' id='word_1_163' title='bbox 691 3227 864 3313; x_wconf 76' lang='grc' dir='ltr'><strong><em>Ἄπολλον,</em></strong></span> <span class='ocrx_word' id='word_1_164' title='bbox 889 3227 1059 3312; x_wconf 61' lang='grc' dir='ltr'><strong><em>Ἄπολλον,</em></strong></span> 
     </span>
     <span class='ocr_line' id='line_1_28' title="bbox 371 3333 819 3425; baseline -0.004 -19"><span class='ocrx_word' id='word_1_165' title='bbox 371 3333 514 3425; x_wconf 73' lang='grc' dir='ltr'><strong><em>ἀγυιᾶτ’,</em></strong></span> <span class='ocrx_word' id='word_1_166' title='bbox 537 3334 708 3407; x_wconf 68' lang='grc' dir='ltr'><strong><em>Ἀπόλλων</em></strong></span> <span class='ocrx_word' id='word_1_167' title='bbox 733 3336 819 3425; x_wconf 83' lang='grc' dir='ltr'><strong><em>ἐμός.</em></strong></span> 
     </span>
     <span class='ocr_line' id='line_1_29' title="bbox 371 3439 1072 3533; baseline -0.003 -20"><span class='ocrx_word' id='word_1_168' title='bbox 371 3441 548 3524; x_wconf 71' lang='grc' dir='ltr'><strong><em>ἀπώλεσας</em></strong></span> <span class='ocrx_word' id='word_1_169' title='bbox 570 3439 633 3533; x_wconf 78' lang='grc' dir='ltr'>γὰρ</span> <span class='ocrx_word' id='word_1_170' title='bbox 658 3439 699 3513; x_wconf 75' lang='lat' dir='ltr'>oti</span> <span class='ocrx_word' id='word_1_171' title='bbox 721 3442 816 3531; x_wconf 89' lang='grc' dir='ltr'><strong><em>μόλις</em></strong></span> <span class='ocrx_word' id='word_1_172' title='bbox 839 3439 879 3512; x_wconf 86' lang='grc' dir='ltr'>τό</span> <span class='ocrx_word' id='word_1_173' title='bbox 904 3443 1072 3533; x_wconf 77' lang='grc' dir='ltr'><strong><em>δεύτερον.</em></strong></span> 
     </span>
    </p>
   </div>
   <div class='ocr_carea' id='block_1_5' title="bbox 158 3541 1288 3874">
    <p class='ocr_par' dir='ltr' id='par_1_11' title="bbox 158 3541 1288 3874">
     <span class='ocr_line' id='line_1_30' title="bbox 246 3541 1284 3655; baseline 0 -18"><span class='ocrx_word' id='word_1_174' title='bbox 246 3541 340 3639; x_wconf 81' lang='grc' dir='ltr'>111υᾶ</span> <span class='ocrx_word' id='word_1_175' title='bbox 353 3574 387 3638; x_wconf 92' lang='lat' dir='ltr'>in</span> <span class='ocrx_word' id='word_1_176' title='bbox 406 3574 451 3638; x_wconf 88' lang='lat' dir='ltr'>eis</span> <span class='ocrx_word' id='word_1_177' title='bbox 470 3573 630 3655; x_wconf 86' lang='lat' dir='ltr'>exemplis,</span> <span class='ocrx_word' id='word_1_178' title='bbox 650 3594 730 3655; x_wconf 86' lang='lat' dir='ltr'>quae</span> <span class='ocrx_word' id='word_1_179' title='bbox 750 3578 891 3637; x_wconf 84' lang='lat' dir='ltr'>extremo</span> <span class='ocrx_word' id='word_1_180' title='bbox 909 3573 979 3638; x_wconf 90' lang='lat' dir='ltr'>looo</span> <span class='ocrx_word' id='word_1_181' title='bbox 997 3571 1102 3646; x_wconf 87' lang='lat' dir='ltr'>attuli,</span> <span class='ocrx_word' id='word_1_182' title='bbox 1120 3572 1284 3654; x_wconf 84' lang='lat' dir='ltr'>singulare</span> 
     </span>
     <span class='ocr_line' id='line_1_31' title="bbox 158 3677 1288 3772; baseline -0.003 -24"><span class='ocrx_word' id='word_1_183' title='bbox 158 3705 226 3748; x_wconf 90' lang='lat' dir='ltr'>osso</span> <span class='ocrx_word' id='word_1_184' title='bbox 250 3681 397 3757; x_wconf 88' lang='lat' dir='ltr'>dixerim,</span> <span class='ocrx_word' id='word_1_185' title='bbox 425 3680 510 3765; x_wconf 92' lang='lat' dir='ltr'>quod</span> <span class='ocrx_word' id='word_1_186' title='bbox 533 3679 601 3744; x_wconf 89' lang='lat' dir='ltr'>soni</span> <span class='ocrx_word' id='word_1_187' title='bbox 631 3679 870 3745; x_wconf 87' lang='lat' dir='ltr'>similitudinem</span> <span class='ocrx_word' id='word_1_188' title='bbox 892 3684 1018 3772; x_wconf 84' lang='lat' dir='ltr'>poetam</span> <span class='ocrx_word' id='word_1_189' title='bbox 1041 3677 1087 3743; x_wconf 92' lang='lat' dir='ltr'>ibi</span> <span class='ocrx_word' id='word_1_190' title='bbox 1111 3679 1288 3760; x_wconf 86' lang='lat' dir='ltr'>quaesiisse</span> 
     </span>
     <span class='ocr_line' id='line_1_32' title="bbox 158 3792 393 3874; baseline -0.009 -20"><span class='ocrx_word' id='word_1_191' title='bbox 158 3812 216 3874; x_wconf 90' lang='lat' dir='ltr'>por</span> <span class='ocrx_word' id='word_1_192' title='bbox 239 3810 273 3854; x_wconf 89' lang='lat' dir='ltr'>se</span> <span class='ocrx_word' id='word_1_193' title='bbox 295 3792 393 3872; x_wconf 82' lang='lat' dir='ltr'>patet.</span> 
     </span>
    </p>
   </div>
   <div class='ocr_carea' id='block_1_6' title="bbox 158 4022 1286 4195">
    <p class='ocr_par' dir='ltr' id='par_1_12' title="bbox 158 4022 1286 4195">
     <span class='ocr_line' id='line_1_33' title="bbox 249 4022 1286 4105; baseline -0.001 -13"><span class='ocrx_word' id='word_1_194' title='bbox 249 4039 269 4103; x_wconf 85' lang='grc'>1)</span> <span class='ocrx_word' id='word_1_195' title='bbox 287 4037 347 4092; x_wconf 84' lang='grc' dir='ltr'>Ηοο</span> <span class='ocrx_word' id='word_1_196' title='bbox 366 4035 426 4090; x_wconf 86' lang='lat' dir='ltr'>loco</span> <span class='ocrx_word' id='word_1_197' title='bbox 445 4035 479 4090; x_wconf 88' lang='lat' dir='ltr'>de</span> <span class='ocrx_word' id='word_1_198' title='bbox 498 4033 617 4105; x_wconf 83' lang='lat' dir='ltr'>syllabis·</span> <span class='ocrx_word' id='word_1_199' title='bbox 632 4022 707 4104; x_wconf 59' lang='grc' dir='ltr'>Φοίβ</span> <span class='ocrx_word' id='word_1_200' title='bbox 720 4039 748 4088; x_wconf 91' lang='lat' dir='ltr'>et</span> <span class='ocrx_word' id='word_1_201' title='bbox 757 4023 826 4104; x_wconf 71' lang='grc' dir='ltr'>Ῑμοβ</span> <span class='ocrx_word' id='word_1_202' title='bbox 844 4033 911 4088; x_wconf 88' lang='lat' dir='ltr'>solis</span> <span class='ocrx_word' id='word_1_203' title='bbox 930 4032 1029 4102; x_wconf 84' lang='lat' dir='ltr'>agitur,</span> <span class='ocrx_word' id='word_1_204' title='bbox 1045 4033 1092 4087; x_wconf 88' lang='lat' dir='ltr'>sed</span> <span class='ocrx_word' id='word_1_205' title='bbox 1111 4030 1286 4091; x_wconf 86' lang='lat' dir='ltr'>inversione</span> 
     </span>
     <span class='ocr_line' id='line_1_34' title="bbox 158 4111 944 4195; baseline -0.006 -14"><span class='ocrx_word' id='word_1_206' title='bbox 158 4144 211 4181; x_wconf 93' lang='lat' dir='ltr'>non</span> <span class='ocrx_word' id='word_1_207' title='bbox 230 4124 308 4195; x_wconf 92' lang='lat' dir='ltr'>potui</span> <span class='ocrx_word' id='word_1_208' title='bbox 326 4140 379 4178; x_wconf 93' lang='lat' dir='ltr'>non</span> <span class='ocrx_word' id='word_1_209' title='bbox 398 4122 519 4192; x_wconf 85' lang='lat' dir='ltr'>reliquas</span> <span class='ocrx_word' id='word_1_210' title='bbox 538 4139 646 4192; x_wconf 87' lang='lat' dir='ltr'>quoque</span> <span class='ocrx_word' id='word_1_211' title='bbox 663 4111 689 4192; x_wconf 65' lang='lat' dir='ltr'>p</span> <span class='ocrx_word' id='word_1_212' title='bbox 706 4122 814 4177; x_wconf 84' lang='lat' dir='ltr'>litteras</span> <span class='ocrx_word' id='word_1_213' title='bbox 833 4120 944 4176; x_wconf 85' lang='lat' dir='ltr'>imitari</span> 
     </span>
    </p>
   </div>
   <div class='ocr_carea' id='block_1_7' title="bbox 0 0 1446 4770">
    <p class='ocr_par' dir='ltr' id='par_1_13' title="bbox 0 0 1446 4770">
     <span class='ocr_line' id='line_1_35' title="bbox 0 0 1446 4770; baseline 0 0"><span class='ocrx_word' id='word_1_214' title='bbox 0 0 1446 4770; x_wconf 95' lang='lat' dir='ltr'> </span> 
     </span>
    </p>
   </div>
  </div>
 </body>
</html>
