2864 4770
689 267 730 368 m

152 487 201 545 sat
228 502 375 564 magnum
400 481 530 557 habeat,
558 483 584 547 si
608 483 679 565 quis
703 483 873 559 existimet,
902 484 942 548 de
964 481 1121 546 industrio
1144 487 1273 564 poetam

151 588 310 654 studuisse
333 587 407 654 huic
429 609 577 653 sonorum
600 589 809 654 similitudini.

240 693 303 760 Sed
324 717 366 760 ne
388 695 519 760 nimium
538 696 644 760 videre
663 697 779 772 videar,
803 695 843 760 dc
864 696 995 780 reliquis
1018 695 1171 779 exemplis
1190 694 1274 759 nihil

110 775 113 781 ⁸
151 801 276 868 addam.

242 1122 361 1206 Scripsi
388 1122 493 1188 edhuc
520 1124 560 1187 de
587 1143 735 1188 sonorum
763 1123 970 1189 similitudine
999 1125 1109 1188 eadem
1137 1126 1171 1187 in
1199 1125 1276 1189 sede

153 1251 299 1296 versuum
325 1228 472 1294 binorum
500 1229 635 1294 maxime
662 1232 883 1295 continuorum
910 1232 1027 1313 posita,
1059 1237 1092 1294 et
1119 1236 1276 1312 quantum

154 1359 247 1421 saepe
271 1335 400 1402 afferret
423 1335 465 1400 ud
488 1337 717 1402 sententiarum
738 1343 846 1420 partes
870 1339 948 1402 scite
972 1337 1197 1420 disiungendes
1223 1358 1276 1401 ex-

154 1464 271 1527 ponere
294 1442 409 1508 studui.
1182 1521 1183 1526 ἵ

172 1602 175 1611 .
244 1550 313 1628 Quo
336 1571 386 1615 me
409 1549 442 1613 in
464 1571 499 1614 rc
521 1570 585 1615 non
608 1550 782 1634 praeteriit,
804 1550 890 1614 haud
914 1571 986 1614 roro
1004 1572 1068 1635 non
1090 1557 1158 1616 tam
1183 1572 1277 1617 sono-

155 1679 238 1734 rum,
266 1678 361 1740 quam
388 1655 561 1722 formarum
593 1657 732 1740 ipsarum
760 1656 985 1739 aequalitatem
1014 1679 1082 1721 cern
1111 1679 1192 1735 esse,
1227 1660 1278 1724 cui

156 1764 321 1829 enuntiate
343 1765 423 1829 bene
447 1763 642 1828 conformata
666 1763 859 1829 deberemus.

244 1870 536 1936 Manifestiesimum
560 1872 593 1935 id
616 1871 678 1935 crit
700 1871 840 1936 collectis
863 1873 908 1935 eis
931 1869 1082 1947 versibus
1107 1873 1138 1935 in
1161 1872 1279 1954 quibus

157 1979 267 2044 eedem
288 1978 471 2042 terminatio
491 1979 696 2060 grammatice
718 1978 767 2041 bis
787 1977 835 2041 vel
859 1983 909 2041 ter
931 1977 965 2040 in
987 1977 1119 2060 singulis
1142 1980 1279 2063 legatur.

245 2087 358 2150 Dicere
381 2104 456 2149 sanc
483 2083 559 2148 licet
582 2084 621 2148 de
645 2085 690 2148 eis
717 2083 794 2148 locis
817 2083 962 2148 omnibus
990 2089 1150 2150 structura
1172 2106 1279 2168 gram-

158 2192 273 2258 matice
295 2191 433 2275 flagitari
457 2210 510 2255 eas
533 2188 660 2266 formae,
683 2197 958 2273 quantumcunque
985 2191 1102 2256 similes
1126 2193 1199 2270 sint,
1224 2215 1280 2258 ne-

158 2322 219 2382 quo
242 2319 301 2381 ego
320 2298 467 2380 equidem
484 2317 600 2379 negare
623 2297 724 2360 ausim
747 2296 807 2360 hoc
830 2297 877 2361 ita
899 2318 974 2362 esse.
1012 2298 1129 2362 Tamen
1152 2304 1281 2363 tentum

158 2407 237 2482 dico,
266 2412 297 2470 et
320 2406 405 2487 ipses
432 2404 517 2486 leges
540 2404 761 2486 grammatices
784 2424 854 2468 cum
881 2404 964 2468 bono
987 2396 1100 2487 prosae
1124 2406 1281 2471 orationis

159 2513 306 2595 scriptori
329 2519 397 2576 tum
415 2531 489 2576 vcro
508 2517 621 2594 poetae
640 2512 851 2575 instrumenta
868 2531 936 2576 esse
959 2513 1023 2576 suis
1042 2512 1181 2577 consiliis
1200 2515 1281 2578 setis

159 2621 306 2684 faciundi.
351 2618 420 2682 Hoc
442 2638 568 2682 necesse
592 2622 640 2682 est
663 2618 765 2700 quivis
788 2619 947 2683 concedet.

248 2725 282 2790 Si
307 2725 390 2790 enim
412 2745 536 2789 versum
560 2724 594 2787 3:

334 2829 433 2895 o't'uxu
456 2837 592 2914 ναιμῶν,
614 2829 764 2915 βλέφαρα
786 2824 829 2917 μὴ
853 2840 982 2916 κοιμῶν
1006 2822 1103 2916 ὕπνῳ

161 2939 345 3014 contuleris,
373 2937 490 3002 formae
518 2937 589 3002 illas
616 2945 741 3021 νωμῶν
770 2945 801 3003 et
828 2946 957 3022 κοιμῶν
984 2939 1117 3003 fortuito
1147 2941 1282 3005 candem

161 3046 416 3111 terminationem
434 3043 584 3109 exhibere
603 3044 695 3109 focile
713 3043 773 3108 tibi
791 3046 1003 3128 persuadebis.
1041 3046 1150 3111 Nihilo
1173 3054 1282 3111 temen

162 3154 259 3217 setius
290 3152 350 3216 tibi
379 3149 592 3215 confitendum
622 3151 683 3215 erit
715 3152 943 3233 pulchritudini
975 3153 1127 3218 orationis
1159 3153 1283 3237 aliquid

161 3260 237 3324 eddi
260 3279 336 3325 sono
360 3258 470 3323 eodem
494 3258 623 3322 iterato:

234 3365 306 3430 Dos
328 3365 440 3429 Ruder
463 3364 555 3441 lenti,
578 3365 630 3428 αιί
652 3365 741 3429 senti
764 3366 814 3428 dic
837 3366 935 3429 Lidor
959 3387 993 3430 ιι·
1015 3367 1057 3429 im
1081 3365 1202 3446 Sclclos.

162 3475 258 3538 Plane
281 3473 365 3537 idem
389 3474 489 3537 sentio
514 3474 595 3536 sicut
617 3473 657 3536 de
680 3472 788 3536 multis
812 3472 882 3535 eliis
904 3473 982 3536 loeis
1005 3475 1110 3538 itudo
1133 3475 1236 3539 hisce:

251 3603 277 3642 v.
303 3580 353 3642 31.
378 3572 541 3662 ὁρμᾶσθε
565 3574 701 3658 πάντες,
725 3584 864 3644 σοῦσθε
889 3571 950 3642 σὺν
973 3581 1166 3667 παντευχίᾳ.

252 3710 277 3752 v.
302 3686 353 3750 33.
376 3681 523 3769 ιιύργαιν
549 3680 694 3769 στάθητε
718 3687 775 3749 καὶ
797 3690 924 3750 πυλῶν
950 3679 1006 3750 ἐκ>
1030 3682 1166 3766 ἐξόδοις,

251 3816 278 3858 v.
302 3794 353 3857 60.
375 3805 500 3876 χωρεῖ,
523 3793 654 3870 κονίει,
676 3792 775 3856 πεδία
800 3784 833 3856 d'
858 3783 1019 3877 ἀργηστὴς
1043 3785 1160 3878 ἀφρός.

252 3923 278 3964 v.
302 3900 353 3963 63.
378 3895 513 3985 φράξαι
536 3893 692 3982 πόλισμα,
715 3900 795 3982 πρὶν
819 3900 1019 3982 καταιγίσαι
1042 3897 1158 3977 πνοάς.

231 4030 257 4069 v.
284 4008 355 4070 164.
379 3994 399 4091 ἦ
422 3999 520 4070 ταῦτ)
544 4000 665 4091 ἄριστα
687 4008 744 4070 καὶ
766 4002 865 4071 πόλει
889 4000 1052 4091 σωτήρια.

232 4138 257 4177 v.
282 4114 354 4177 260.
378 4109 498 4199 θήσειν
521 4109 685 4198 τρόπαια,
710 4112 815 4178 δαΐων
840 4104 873 4176 δ’
898 4110 1078 4201 ἐσθήματα.
