<?xml version="1.0" encoding="UTF-8"?>
<!DOCTYPE html PUBLIC "-//W3C//DTD XHTML 1.0 Transitional//EN"
    "http://www.w3.org/TR/xhtml1/DTD/xhtml1-transitional.dtd">
<html xmlns="http://www.w3.org/1999/xhtml" xml:lang="en" lang="en">
 <head>
  <title>
</title>
<meta http-equiv="Content-Type" content="text/html;charset=utf-8" />
  <meta name='ocr-system' content='tesseract 3.04.00' />
  <meta name='ocr-capabilities' content='ocr_page ocr_carea ocr_par ocr_line ocrx_word'/>
</head>
<body>
  <div class='ocr_page' id='page_1' title='image "./dearteaeschylio00beergoog_0035.png"; bbox 0 0 2864 4770; ppageno 0'>
   <div class='ocr_carea' id='block_1_1' title="bbox 689 297 789 369">
    <p class='ocr_par' dir='ltr' id='par_1_1' title="bbox 689 297 789 369">
     <span class='ocr_line' id='line_1_1' title="bbox 689 297 789 369; baseline 0.09 -9"><span class='ocrx_word' id='word_1_1' title='bbox 689 297 789 369; x_wconf 85' lang='lat'>28.</span> 
     </span>
    </p>
   </div>
   <div class='ocr_carea' id='block_1_2' title="bbox 151 475 1272 1635">
    <p class='ocr_par' dir='ltr' id='par_1_2' title="bbox 151 475 1271 861">
     <span class='ocr_line' id='line_1_2' title="bbox 152 475 1269 559; baseline -0.001 -20"><span class='ocrx_word' id='word_1_2' title='bbox 152 477 244 541; x_wconf 89' lang='lat' dir='ltr'>nibus</span> <span class='ocrx_word' id='word_1_3' title='bbox 276 477 377 552; x_wconf 90' lang='lat' dir='ltr'>insiti,</span> <span class='ocrx_word' id='word_1_4' title='bbox 410 496 502 558; x_wconf 87' lang='lat' dir='ltr'>quem</span> <span class='ocrx_word' id='word_1_5' title='bbox 529 481 642 559; x_wconf 88' lang='lat' dir='ltr'>poetae</span> <span class='ocrx_word' id='word_1_6' title='bbox 670 477 769 542; x_wconf 78' lang='lat' dir='ltr'>nostri</span> <span class='ocrx_word' id='word_1_7' title='bbox 802 476 888 540; x_wconf 88' lang='lat' dir='ltr'>illius</span> <span class='ocrx_word' id='word_1_8' title='bbox 915 476 955 539; x_wconf 87' lang='lat' dir='ltr'>de</span> <span class='ocrx_word' id='word_1_9' title='bbox 982 496 1045 558; x_wconf 91' lang='lat' dir='ltr'>qua</span> <span class='ocrx_word' id='word_1_10' title='bbox 1077 475 1175 540; x_wconf 92' lang='lat' dir='ltr'>modo</span> <span class='ocrx_word' id='word_1_11' title='bbox 1209 476 1269 539; x_wconf 85' lang='lat' dir='ltr'><strong>dixi</strong></span> 
     </span>
     <span class='ocr_line' id='line_1_3' title="bbox 151 582 1271 666; baseline -0.001 -18"><span class='ocrx_word' id='word_1_12' title='bbox 151 584 266 648; x_wconf 87' lang='lat' dir='ltr'>aetatis</span> <span class='ocrx_word' id='word_1_13' title='bbox 293 582 360 647; x_wconf 90' lang='lat' dir='ltr'>fere</span> <span class='ocrx_word' id='word_1_14' title='bbox 388 583 489 647; x_wconf 90' lang='lat' dir='ltr'>solum</span> <span class='ocrx_word' id='word_1_15' title='bbox 516 583 615 648; x_wconf 88' lang='lat' dir='ltr'>secuti</span> <span class='ocrx_word' id='word_1_16' title='bbox 643 589 728 659; x_wconf 87' lang='lat' dir='ltr'>sunt,</span> <span class='ocrx_word' id='word_1_17' title='bbox 755 583 889 666; x_wconf 82' lang='lat' dir='ltr'>vestigia</span> <span class='ocrx_word' id='word_1_18' title='bbox 915 587 1000 646; x_wconf 89' lang='lat' dir='ltr'>certe</span> <span class='ocrx_word' id='word_1_19' title='bbox 1023 583 1111 664; x_wconf 88' lang='lat' dir='ltr'>apud</span> <span class='ocrx_word' id='word_1_20' title='bbox 1135 582 1271 647; x_wconf 86' lang='lat' dir='ltr'>Graecos</span> 
     </span>
     <span class='ocr_line' id='line_1_4' title="bbox 151 687 1271 774; baseline 0 -20"><span class='ocrx_word' id='word_1_21' title='bbox 151 691 284 754; x_wconf 83' lang='lat' dir='ltr'>inveniri</span> <span class='ocrx_word' id='word_1_22' title='bbox 308 711 412 774; x_wconf 89' lang='lat' dir='ltr'>posse,</span> <span class='ocrx_word' id='word_1_23' title='bbox 441 691 565 754; x_wconf 88' lang='lat' dir='ltr'>etiamsi</span> <span class='ocrx_word' id='word_1_24' title='bbox 592 711 736 755; x_wconf 82' lang='lat' dir='ltr'>versuum</span> <span class='ocrx_word' id='word_1_25' title='bbox 761 689 945 773; x_wconf 80' lang='lat' dir='ltr'>compositio</span> <span class='ocrx_word' id='word_1_26' title='bbox 972 687 1036 752; x_wconf 89' lang='lat' dir='ltr'>alio</span> <span class='ocrx_word' id='word_1_27' title='bbox 1064 687 1271 755; x_wconf 86' lang='lat' dir='ltr'>fundamento</span> 
     </span>
     <span class='ocr_line' id='line_1_5' title="bbox 151 797 280 861; baseline 0.008 -1"><span class='ocrx_word' id='word_1_28' title='bbox 151 797 280 861; x_wconf 78' lang='lat' dir='ltr'><strong>nitatur.</strong></span> 
     </span>
    </p>

    <p class='ocr_par' dir='ltr' id='par_1_3' title="bbox 151 903 1272 1521">
     <span class='ocr_line' id='line_1_6' title="bbox 239 903 1271 986; baseline -0.002 -18"><span class='ocrx_word' id='word_1_29' title='bbox 239 904 278 968; x_wconf 90' lang='lat' dir='ltr'>Id</span> <span class='ocrx_word' id='word_1_30' title='bbox 301 926 357 968; x_wconf 91' lang='lat' dir='ltr'>cur</span> <span class='ocrx_word' id='word_1_31' title='bbox 379 904 470 968; x_wconf 82' lang='lat' dir='ltr'>valdo</span> <span class='ocrx_word' id='word_1_32' title='bbox 497 904 646 969; x_wconf 88' lang='lat' dir='ltr'>miremur</span> <span class='ocrx_word' id='word_1_33' title='bbox 674 925 768 969; x_wconf 90' lang='lat' dir='ltr'>causa</span> <span class='ocrx_word' id='word_1_34' title='bbox 791 925 854 969; x_wconf 91' lang='lat' dir='ltr'>non</span> <span class='ocrx_word' id='word_1_35' title='bbox 878 910 934 969; x_wconf 88' lang='lat' dir='ltr'>est.</span> <span class='ocrx_word' id='word_1_36' title='bbox 980 903 1061 967; x_wconf 90' lang='lat' dir='ltr'>Nam</span> <span class='ocrx_word' id='word_1_37' title='bbox 1089 903 1271 986; x_wconf 86' lang='lat' dir='ltr'>antiquissi-</span> 
     </span>
     <span class='ocr_line' id='line_1_7' title="bbox 152 1009 1272 1093; baseline 0.002 -19"><span class='ocrx_word' id='word_1_38' title='bbox 152 1031 220 1074; x_wconf 89' lang='lat' dir='ltr'>mae</span> <span class='ocrx_word' id='word_1_39' title='bbox 241 1031 371 1093; x_wconf 84' lang='lat' dir='ltr'>poeseos</span> <span class='ocrx_word' id='word_1_40' title='bbox 395 1011 512 1074; x_wconf 85' lang='lat' dir='ltr'>latinae</span> <span class='ocrx_word' id='word_1_41' title='bbox 530 1016 636 1075; x_wconf 89' lang='lat' dir='ltr'>aetate</span> <span class='ocrx_word' id='word_1_42' title='bbox 655 1011 890 1076; x_wconf 87' lang='lat' dir='ltr'>allittcrationis</span> <span class='ocrx_word' id='word_1_43' title='bbox 910 1010 1160 1075; x_wconf 79' lang='lat' dir='ltr'>studiosissimos</span> <span class='ocrx_word' id='word_1_44' title='bbox 1180 1009 1272 1076; x_wconf 85' lang='lat' dir='ltr'>fuisso</span> 
     </span>
     <span class='ocr_line' id='line_1_8' title="bbox 151 1116 1272 1201; baseline -0.002 -19"><span class='ocrx_word' id='word_1_45' title='bbox 151 1123 261 1200; x_wconf 88' lang='lat' dir='ltr'>poetas</span> <span class='ocrx_word' id='word_1_46' title='bbox 288 1116 503 1199; x_wconf 87' lang='lat' dir='ltr'>exemplorum</span> <span class='ocrx_word' id='word_1_47' title='bbox 525 1119 730 1183; x_wconf 87' lang='lat' dir='ltr'>multitudine</span> <span class='ocrx_word' id='word_1_48' title='bbox 758 1116 927 1201; x_wconf 88' lang='lat' dir='ltr'>probatum</span> <span class='ocrx_word' id='word_1_49' title='bbox 950 1122 998 1181; x_wconf 91' lang='lat' dir='ltr'>est</span> <span class='ocrx_word' id='word_1_50' title='bbox 1024 1122 1123 1198; x_wconf 87' lang='lat' dir='ltr'>atque</span> <span class='ocrx_word' id='word_1_51' title='bbox 1148 1119 1193 1194; x_wconf 87' lang='lat' dir='ltr'>ei,</span> <span class='ocrx_word' id='word_1_52' title='bbox 1221 1118 1272 1201; x_wconf 90' lang='lat' dir='ltr'>qui</span> 
     </span>
     <span class='ocr_line' id='line_1_9' title="bbox 152 1222 1272 1308; baseline -0.001 -20"><span class='ocrx_word' id='word_1_53' title='bbox 152 1225 256 1288; x_wconf 90' lang='lat' dir='ltr'>Plauti</span> <span class='ocrx_word' id='word_1_54' title='bbox 283 1222 407 1288; x_wconf 84' lang='lat' dir='ltr'>fabulas</span> <span class='ocrx_word' id='word_1_55' title='bbox 434 1229 587 1300; x_wconf 85' lang='lat' dir='ltr'>tractant,</span> <span class='ocrx_word' id='word_1_56' title='bbox 614 1224 706 1307; x_wconf 90' lang='lat' dir='ltr'>plura</span> <span class='ocrx_word' id='word_1_57' title='bbox 733 1226 766 1288; x_wconf 91' lang='lat' dir='ltr'>in</span> <span class='ocrx_word' id='word_1_58' title='bbox 794 1225 861 1289; x_wconf 92' lang='lat' dir='ltr'>dies</span> <span class='ocrx_word' id='word_1_59' title='bbox 889 1222 1032 1306; x_wconf 86' lang='lat' dir='ltr'>exempla</span> <span class='ocrx_word' id='word_1_60' title='bbox 1059 1222 1217 1308; x_wconf 82' lang='lat' dir='ltr'>colligunt</span> <span class='ocrx_word' id='word_1_61' title='bbox 1243 1231 1272 1288; x_wconf 92' lang='lat' dir='ltr'>et</span> 
     </span>
     <span class='ocr_line' id='line_1_10' title="bbox 151 1329 1272 1414; baseline 0 -20"><span class='ocrx_word' id='word_1_62' title='bbox 151 1352 245 1413; x_wconf 93' lang='lat' dir='ltr'>quam</span> <span class='ocrx_word' id='word_1_63' title='bbox 268 1329 364 1394; x_wconf 84' lang='lat' dir='ltr'>variis</span> <span class='ocrx_word' id='word_1_64' title='bbox 387 1330 488 1395; x_wconf 90' lang='lat' dir='ltr'>modis</span> <span class='ocrx_word' id='word_1_65' title='bbox 515 1330 568 1394; x_wconf 89' lang='lat' dir='ltr'>ille</span> <span class='ocrx_word' id='word_1_66' title='bbox 592 1352 662 1395; x_wconf 89' lang='lat' dir='ltr'>eam</span> <span class='ocrx_word' id='word_1_67' title='bbox 686 1331 763 1396; x_wconf 88' lang='lat' dir='ltr'>artis</span> <span class='ocrx_word' id='word_1_68' title='bbox 786 1331 929 1413; x_wconf 85' lang='lat' dir='ltr'>poeticae</span> <span class='ocrx_word' id='word_1_69' title='bbox 951 1335 1075 1414; x_wconf 91' lang='lat' dir='ltr'>partem</span> <span class='ocrx_word' id='word_1_70' title='bbox 1100 1331 1272 1395; x_wconf 81' lang='lat' dir='ltr'>excoluerit</span> 
     </span>
     <span class='ocr_line' id='line_1_11' title="bbox 152 1443 319 1521; baseline 0.006 -19"><span class='ocrx_word' id='word_1_71' title='bbox 152 1443 319 1521; x_wconf 85' lang='lat' dir='ltr'>exponunt.</span> 
     </span>
    </p>

    <p class='ocr_par' dir='ltr' id='par_1_4' title="bbox 241 1544 1272 1635">
     <span class='ocr_line' id='line_1_12' title="bbox 241 1544 1272 1635; baseline -0.001 -26"><span class='ocrx_word' id='word_1_72' title='bbox 241 1544 391 1610; x_wconf 83' lang='lat' dir='ltr'>Conferas</span> <span class='ocrx_word' id='word_1_73' title='bbox 409 1545 449 1608; x_wconf 83' lang='lat' dir='ltr'>A.</span> <span class='ocrx_word' id='word_1_74' title='bbox 470 1545 509 1608; x_wconf 85' lang='lat' dir='ltr'>F.</span> <span class='ocrx_word' id='word_1_75' title='bbox 530 1545 646 1610; x_wconf 69' lang='lat' dir='ltr'>Naana</span> <span class='ocrx_word' id='word_1_76' title='bbox 658 1545 959 1635; x_wconf 25' lang='lat' dir='ltr'>&#39;commentationem</span> <span class='ocrx_word' id='word_1_77' title='bbox 983 1546 1022 1608; x_wconf 89' lang='lat' dir='ltr'>de</span> <span class='ocrx_word' id='word_1_78' title='bbox 1044 1544 1272 1610; x_wconf 87' lang='lat' dir='ltr'>allitteraticne</span> 
     </span>
    </p>
   </div>
   <div class='ocr_carea' id='block_1_3' title="bbox 80 1637 1293 4175">
    <p class='ocr_par' dir='ltr' id='par_1_5' title="bbox 80 1637 1271 1842">
     <span class='ocr_line' id='line_1_13' title="bbox 80 1637 1271 1721; baseline -0.002 -4"><span class='ocrx_word' id='word_1_79' title='bbox 80 1689 81 1695; x_wconf 20' lang='grc' dir='ltr'><strong>κ</strong></span> <span class='ocrx_word' id='word_1_80' title='bbox 152 1653 303 1717; x_wconf 78' lang='lat' dir='ltr'>seimonis</span> <span class='ocrx_word' id='word_1_81' title='bbox 322 1652 414 1715; x_wconf 90' lang='lat' dir='ltr'>latini</span> <span class='ocrx_word' id='word_1_82' title='bbox 432 1654 465 1716; x_wconf 93' lang='lat' dir='ltr'>in</span> <span class='ocrx_word' id='word_1_83' title='bbox 484 1674 562 1718; x_wconf 82' lang='lat' dir='ltr'>mus.</span> <span class='ocrx_word' id='word_1_84' title='bbox 580 1653 720 1718; x_wconf 85' lang='lat' dir='ltr'>Rhenan.</span> <span class='ocrx_word' id='word_1_85' title='bbox 740 1653 798 1717; x_wconf 84' lang='lat' dir='ltr'>vol.</span> <span class='ocrx_word' id='word_1_86' title='bbox 817 1652 865 1717; x_wconf 90' lang='grc' dir='ltr'>ΠΙ</span> <span class='ocrx_word' id='word_1_87' title='bbox 885 1653 958 1717; x_wconf 91' lang='lat' dir='ltr'>anni</span> <span class='ocrx_word' id='word_1_88' title='bbox 977 1637 1271 1721; x_wconf 69' lang='lat' dir='ltr'>claidocoxxln</span> 
     </span>
     <span class='ocr_line' id='line_1_14' title="bbox 151 1758 723 1842; baseline 0.003 -20"><span class='ocrx_word' id='word_1_89' title='bbox 151 1782 179 1842; x_wconf 87' lang='lat' dir='ltr'>p.</span> <span class='ocrx_word' id='word_1_90' title='bbox 204 1758 271 1822; x_wconf 79' lang='lat'>324</span> <span class='ocrx_word' id='word_1_91' title='bbox 294 1779 339 1840; x_wconf 89' lang='lat' dir='ltr'>sq.</span> <span class='ocrx_word' id='word_1_92' title='bbox 362 1758 509 1842; x_wconf 87' lang='lat' dir='ltr'>locosque</span> <span class='ocrx_word' id='word_1_93' title='bbox 532 1760 577 1823; x_wconf 90' lang='lat' dir='ltr'>ibi</span> <span class='ocrx_word' id='word_1_94' title='bbox 600 1760 723 1836; x_wconf 87' lang='lat' dir='ltr'>allatos,</span> 
     </span>
    </p>

    <p class='ocr_par' dir='ltr' id='par_1_6' title="bbox 152 1863 1272 2046">
     <span class='ocr_line' id='line_1_15' title="bbox 240 1863 1272 1952; baseline 0.003 -24"><span class='ocrx_word' id='word_1_95' title='bbox 240 1863 470 1948; x_wconf 78' lang='lat' dir='ltr'>praefationem</span> <span class='ocrx_word' id='word_1_96' title='bbox 496 1866 637 1948; x_wconf 68' lang='lat' dir='ltr'>depasti</span> <span class='ocrx_word' id='word_1_97' title='bbox 664 1867 823 1931; x_wconf 75' lang='lat' dir='ltr'>Laurenti</span> <span class='ocrx_word' id='word_1_98' title='bbox 851 1865 1000 1952; x_wconf 86' lang='lat' dir='ltr'>(Lorenz)</span> <span class='ocrx_word' id='word_1_99' title='bbox 1034 1868 1066 1928; x_wconf 93' lang='lat' dir='ltr'>in</span> <span class='ocrx_word' id='word_1_100' title='bbox 1101 1866 1272 1932; x_wconf 87' lang='lat' dir='ltr'>editionem</span> 
     </span>
     <span class='ocr_line' id='line_1_16' title="bbox 152 1970 438 2046; baseline -0.003 -11"><span class='ocrx_word' id='word_1_101' title='bbox 152 1972 263 2036; x_wconf 90' lang='lat' dir='ltr'>Militis</span> <span class='ocrx_word' id='word_1_102' title='bbox 289 1970 438 2046; x_wconf 88' lang='lat' dir='ltr'>Gloriosi,</span> 
     </span>
    </p>

    <p class='ocr_par' dir='ltr' id='par_1_7' title="bbox 152 2078 1274 2380">
     <span class='ocr_line' id='line_1_17' title="bbox 240 2078 1273 2163; baseline 0.002 -21"><span class='ocrx_word' id='word_1_103' title='bbox 240 2078 382 2143; x_wconf 87' lang='lat' dir='ltr'>libellum</span> <span class='ocrx_word' id='word_1_104' title='bbox 395 2078 435 2142; x_wconf 90' lang='lat' dir='ltr'><strong><em>K</em></strong></span> <span class='ocrx_word' id='word_1_105' title='bbox 436 2078 609 2143; x_wconf 69' lang='lat' dir='ltr'>rosaceum</span> <span class='ocrx_word' id='word_1_106' title='bbox 629 2081 662 2144; x_wconf 90' lang='lat' dir='ltr'>in</span> <span class='ocrx_word' id='word_1_107' title='bbox 680 2086 914 2163; x_wconf 81' lang='lat' dir='ltr'>programmate</span> <span class='ocrx_word' id='word_1_108' title='bbox 932 2079 1118 2144; x_wconf 84' lang='lat' dir='ltr'>Zittaviensi</span> <span class='ocrx_word' id='word_1_109' title='bbox 1137 2081 1273 2163; x_wconf 87' lang='lat' dir='ltr'>proximi</span> 
     </span>
     <span class='ocr_line' id='line_1_18' title="bbox 152 2185 1274 2262; baseline 0.002 -12"><span class='ocrx_word' id='word_1_110' title='bbox 152 2186 236 2262; x_wconf 89' lang='lat' dir='ltr'>anni,</span> <span class='ocrx_word' id='word_1_111' title='bbox 259 2186 310 2249; x_wconf 89' lang='lat' dir='ltr'>cui</span> <span class='ocrx_word' id='word_1_112' title='bbox 333 2186 400 2249; x_wconf 89' lang='lat' dir='ltr'>viro</span> <span class='ocrx_word' id='word_1_113' title='bbox 420 2185 512 2249; x_wconf 90' lang='lat' dir='ltr'>docto</span> <span class='ocrx_word' id='word_1_114' title='bbox 537 2187 568 2248; x_wconf 89' lang='lat' dir='ltr'>in</span> <span class='ocrx_word' id='word_1_115' title='bbox 589 2186 734 2251; x_wconf 87' lang='lat' dir='ltr'>omnibus</span> <span class='ocrx_word' id='word_1_116' title='bbox 756 2186 852 2252; x_wconf 88' lang='lat' dir='ltr'>robus</span> <span class='ocrx_word' id='word_1_117' title='bbox 875 2187 1022 2251; x_wconf 81' lang='lat' dir='ltr'>assentiri</span> <span class='ocrx_word' id='word_1_118' title='bbox 1045 2189 1124 2252; x_wconf 92' lang='lat' dir='ltr'>satis</span> <span class='ocrx_word' id='word_1_119' title='bbox 1144 2186 1274 2252; x_wconf 87' lang='lat' dir='ltr'>difficile</span> 
     </span>
     <span class='ocr_line' id='line_1_19' title="bbox 153 2291 886 2380; baseline -0.004 -23"><span class='ocrx_word' id='word_1_120' title='bbox 153 2313 220 2358; x_wconf 88' lang='lat' dir='ltr'>esse</span> <span class='ocrx_word' id='word_1_121' title='bbox 244 2292 369 2356; x_wconf 84' lang='lat' dir='ltr'>videtur</span> <span class='ocrx_word' id='word_1_122' title='bbox 391 2291 471 2355; x_wconf 93' lang='lat' dir='ltr'>mihi</span> <span class='ocrx_word' id='word_1_123' title='bbox 494 2293 630 2374; x_wconf 85' lang='lat' dir='ltr'>quidem.</span> <span class='ocrx_word' id='word_1_124' title='bbox 883 2372 886 2380; x_wconf 28' lang='grc' dir='ltr'>Ι</span> 
     </span>
    </p>

    <p class='ocr_par' dir='ltr' id='par_1_8' title="bbox 112 2399 1293 2907">
     <span class='ocr_line' id='line_1_20' title="bbox 242 2399 1276 2485; baseline 0.004 -23"><span class='ocrx_word' id='word_1_125' title='bbox 242 2399 340 2482; x_wconf 85' lang='lat' dir='ltr'>Atqui</span> <span class='ocrx_word' id='word_1_126' title='bbox 371 2399 511 2481; x_wconf 84' lang='lat' dir='ltr'>linguam</span> <span class='ocrx_word' id='word_1_127' title='bbox 543 2420 687 2482; x_wconf 82' lang='lat' dir='ltr'>graecam</span> <span class='ocrx_word' id='word_1_128' title='bbox 715 2404 747 2464; x_wconf 89' lang='lat' dir='ltr'>et</span> <span class='ocrx_word' id='word_1_129' title='bbox 778 2421 942 2466; x_wconf 87' lang='lat' dir='ltr'>romanam</span> <span class='ocrx_word' id='word_1_130' title='bbox 970 2421 1008 2464; x_wconf 85' lang='lat' dir='ltr'>ex</span> <span class='ocrx_word' id='word_1_131' title='bbox 1036 2401 1148 2464; x_wconf 88' lang='lat' dir='ltr'>cadem</span> <span class='ocrx_word' id='word_1_132' title='bbox 1175 2402 1276 2485; x_wconf 90' lang='lat' dir='ltr'>stirpe</span> 
     </span>
     <span class='ocr_line' id='line_1_21' title="bbox 112 2505 1293 2593; baseline 0.004 -25"><span class='ocrx_word' id='word_1_133' title='bbox 112 2528 123 2547; x_wconf 69' lang='lat'>0</span> <span class='ocrx_word' id='word_1_134' title='bbox 153 2524 219 2568; x_wconf 86' lang='lat' dir='ltr'>esse</span> <span class='ocrx_word' id='word_1_135' title='bbox 251 2507 374 2588; x_wconf 81' lang='lat' dir='ltr'>genitas</span> <span class='ocrx_word' id='word_1_136' title='bbox 407 2527 477 2569; x_wconf 91' lang='lat' dir='ltr'>cum</span> <span class='ocrx_word' id='word_1_137' title='bbox 509 2507 628 2570; x_wconf 87' lang='lat' dir='ltr'>nomini</span> <span class='ocrx_word' id='word_1_138' title='bbox 660 2509 702 2571; x_wconf 91' lang='lat' dir='ltr'>sit</span> <span class='ocrx_word' id='word_1_139' title='bbox 735 2506 865 2572; x_wconf 88' lang='lat' dir='ltr'>dubium</span> <span class='ocrx_word' id='word_1_140' title='bbox 894 2505 946 2593; x_wconf 87' lang='lat' dir='ltr'>(cf.</span> <span class='ocrx_word' id='word_1_141' title='bbox 975 2513 1077 2573; x_wconf 87' lang='lat' dir='ltr'>artem</span> <span class='ocrx_word' id='word_1_142' title='bbox 1109 2508 1293 2573; x_wconf 82' lang='lat' dir='ltr'>metricam</span> 
     </span>
     <span class='ocr_line' id='line_1_22' title="bbox 153 2611 1276 2701; baseline 0.004 -27"><span class='ocrx_word' id='word_1_143' title='bbox 153 2611 263 2675; x_wconf 84' lang='lat' dir='ltr'>Rossb.</span> <span class='ocrx_word' id='word_1_144' title='bbox 283 2618 311 2676; x_wconf 79' lang='lat' dir='ltr'>ct</span> <span class='ocrx_word' id='word_1_145' title='bbox 335 2612 497 2691; x_wconf 80' lang='lat' dir='ltr'>Wcstphet</span> <span class='ocrx_word' id='word_1_146' title='bbox 520 2614 579 2678; x_wconf 70' lang='lat' dir='ltr'>vol,</span> <span class='ocrx_word' id='word_1_147' title='bbox 599 2613 640 2690; x_wconf 91' lang='lat' dir='ltr'>Il,</span> <span class='ocrx_word' id='word_1_148' title='bbox 663 2637 692 2696; x_wconf 91' lang='lat' dir='ltr'>p.</span> <span class='ocrx_word' id='word_1_149' title='bbox 712 2615 754 2678; x_wconf 83' lang='lat'>36</span> <span class='ocrx_word' id='word_1_150' title='bbox 778 2613 961 2701; x_wconf 82' lang='lat' dir='ltr'>proximas),</span> <span class='ocrx_word' id='word_1_151' title='bbox 985 2614 1039 2697; x_wconf 88' lang='lat' dir='ltr'>qui</span> <span class='ocrx_word' id='word_1_152' title='bbox 1062 2613 1181 2678; x_wconf 87' lang='lat' dir='ltr'>factum</span> <span class='ocrx_word' id='word_1_153' title='bbox 1206 2636 1276 2679; x_wconf 88' lang='lat' dir='ltr'>esso</span> 
     </span>
     <span class='ocr_line' id='line_1_23' title="bbox 153 2718 1276 2804; baseline 0.004 -23"><span class='ocrx_word' id='word_1_154' title='bbox 153 2723 313 2801; x_wconf 74' lang='lat' dir='ltr'>puteant</span> <span class='ocrx_word' id='word_1_155' title='bbox 336 2740 356 2782; x_wconf 92' lang='lat' dir='ltr'>a</span> <span class='ocrx_word' id='word_1_156' title='bbox 375 2718 568 2783; x_wconf 85' lang='lat' dir='ltr'>Graecorum</span> <span class='ocrx_word' id='word_1_157' title='bbox 591 2721 696 2784; x_wconf 90' lang='lat' dir='ltr'>indole</span> <span class='ocrx_word' id='word_1_158' title='bbox 715 2726 810 2804; x_wconf 89' lang='lat' dir='ltr'>atque</span> <span class='ocrx_word' id='word_1_159' title='bbox 833 2722 951 2804; x_wconf 83' lang='lat' dir='ltr'>ingenii</span> <span class='ocrx_word' id='word_1_160' title='bbox 975 2727 1090 2785; x_wconf 89' lang='lat' dir='ltr'>natura</span> <span class='ocrx_word' id='word_1_161' title='bbox 1112 2720 1140 2784; x_wconf 90' lang='lat' dir='ltr'>is</span> <span class='ocrx_word' id='word_1_162' title='bbox 1163 2742 1276 2786; x_wconf 90' lang='lat' dir='ltr'>sensus</span> 
     </span>
     <span class='ocr_line' id='line_1_24' title="bbox 153 2824 516 2907; baseline 0.003 -19"><span class='ocrx_word' id='word_1_163' title='bbox 153 2824 248 2907; x_wconf 87' lang='lat' dir='ltr'>plane</span> <span class='ocrx_word' id='word_1_164' title='bbox 271 2825 391 2890; x_wconf 89' lang='lat' dir='ltr'>alienus</span> <span class='ocrx_word' id='word_1_165' title='bbox 415 2826 516 2889; x_wconf 84' lang='lat' dir='ltr'>esset?</span> 
     </span>
    </p>

    <p class='ocr_par' dir='ltr' id='par_1_9' title="bbox 152 2931 1276 3761">
     <span class='ocr_line' id='line_1_25' title="bbox 242 2931 1275 3017; baseline 0.004 -22"><span class='ocrx_word' id='word_1_166' title='bbox 242 2931 372 2996; x_wconf 87' lang='lat' dir='ltr'>Accedit</span> <span class='ocrx_word' id='word_1_167' title='bbox 410 2933 493 3016; x_wconf 90' lang='lat' dir='ltr'>quod</span> <span class='ocrx_word' id='word_1_168' title='bbox 530 2954 568 2996; x_wconf 90' lang='lat' dir='ltr'>ea</span> <span class='ocrx_word' id='word_1_169' title='bbox 605 2934 893 3017; x_wconf 84' lang='lat' dir='ltr'>coniungendorum</span> <span class='ocrx_word' id='word_1_170' title='bbox 928 2933 1152 2999; x_wconf 81' lang='lat' dir='ltr'>vocabulorum</span> <span class='ocrx_word' id='word_1_171' title='bbox 1189 2936 1275 2999; x_wconf 91' lang='lat' dir='ltr'>ratio</span> 
     </span>
     <span class='ocr_line' id='line_1_26' title="bbox 154 3039 1276 3123; baseline 0.004 -22"><span class='ocrx_word' id='word_1_172' title='bbox 154 3060 351 3120; x_wconf 84' lang='lat' dir='ltr'>nequaquam</span> <span class='ocrx_word' id='word_1_173' title='bbox 375 3040 517 3123; x_wconf 86' lang='lat' dir='ltr'>quaesita</span> <span class='ocrx_word' id='word_1_174' title='bbox 535 3039 585 3104; x_wconf 90' lang='lat' dir='ltr'>vel</span> <span class='ocrx_word' id='word_1_175' title='bbox 606 3041 699 3104; x_wconf 88' lang='lat' dir='ltr'>nimis</span> <span class='ocrx_word' id='word_1_176' title='bbox 719 3042 882 3106; x_wconf 91' lang='lat' dir='ltr'>recondita</span> <span class='ocrx_word' id='word_1_177' title='bbox 901 3041 1058 3104; x_wconf 90' lang='lat' dir='ltr'>nominari</span> <span class='ocrx_word' id='word_1_178' title='bbox 1080 3045 1194 3123; x_wconf 88' lang='lat' dir='ltr'>potest,</span> <span class='ocrx_word' id='word_1_179' title='bbox 1220 3043 1276 3106; x_wconf 85' lang='lat' dir='ltr'>scd</span> 
     </span>
     <span class='ocr_line' id='line_1_27' title="bbox 153 3144 1276 3231; baseline 0.004 -23"><span class='ocrx_word' id='word_1_180' title='bbox 153 3144 301 3210; x_wconf 88' lang='lat' dir='ltr'>facillime</span> <span class='ocrx_word' id='word_1_181' title='bbox 324 3145 453 3210; x_wconf 91' lang='lat' dir='ltr'>auribus</span> <span class='ocrx_word' id='word_1_182' title='bbox 481 3147 654 3230; x_wconf 84' lang='lat' dir='ltr'>percipitur</span> <span class='ocrx_word' id='word_1_183' title='bbox 678 3153 710 3211; x_wconf 89' lang='lat' dir='ltr'>et</span> <span class='ocrx_word' id='word_1_184' title='bbox 733 3149 868 3212; x_wconf 87' lang='lat' dir='ltr'>maxime</span> <span class='ocrx_word' id='word_1_185' title='bbox 891 3148 932 3212; x_wconf 89' lang='lat' dir='ltr'>ad</span> <span class='ocrx_word' id='word_1_186' title='bbox 960 3147 1068 3231; x_wconf 91' lang='lat' dir='ltr'>populi</span> <span class='ocrx_word' id='word_1_187' title='bbox 1092 3169 1219 3212; x_wconf 89' lang='lat' dir='ltr'>sensum</span> <span class='ocrx_word' id='word_1_188' title='bbox 1243 3170 1276 3213; x_wconf 89' lang='lat' dir='ltr'>se</span> 
     </span>
     <span class='ocr_line' id='line_1_28' title="bbox 153 3252 1276 3340; baseline 0.005 -26"><span class='ocrx_word' id='word_1_189' title='bbox 153 3254 375 3317; x_wconf 87' lang='lat' dir='ltr'>accommodat.</span> <span class='ocrx_word' id='word_1_190' title='bbox 422 3253 460 3316; x_wconf 91' lang='lat' dir='ltr'>Id</span> <span class='ocrx_word' id='word_1_191' title='bbox 489 3254 527 3318; x_wconf 90' lang='lat' dir='ltr'>de</span> <span class='ocrx_word' id='word_1_192' title='bbox 550 3253 700 3318; x_wconf 90' lang='lat' dir='ltr'>Romanis</span> <span class='ocrx_word' id='word_1_193' title='bbox 728 3253 832 3318; x_wconf 83' lang='lat' dir='ltr'>valeat</span> <span class='ocrx_word' id='word_1_194' title='bbox 855 3252 907 3340; x_wconf 89' lang='lat' dir='ltr'>(cf.</span> <span class='ocrx_word' id='word_1_195' title='bbox 934 3255 1080 3334; x_wconf 73' lang='lat' dir='ltr'>Teuffelii</span> <span class='ocrx_word' id='word_1_196' title='bbox 1106 3255 1276 3320; x_wconf 86' lang='lat' dir='ltr'>historiam</span> 
     </span>
     <span class='ocr_line' id='line_1_29' title="bbox 152 3358 1276 3447; baseline 0.005 -27"><span class='ocrx_word' id='word_1_197' title='bbox 152 3358 331 3423; x_wconf 85' lang='lat' dir='ltr'>litterarum</span> <span class='ocrx_word' id='word_1_198' title='bbox 354 3359 566 3425; x_wconf 90' lang='lat' dir='ltr'>Romanarum</span> <span class='ocrx_word' id='word_1_199' title='bbox 589 3383 618 3443; x_wconf 92' lang='lat' dir='ltr'>p.</span> <span class='ocrx_word' id='word_1_200' title='bbox 645 3361 706 3425; x_wconf 74' lang='lat'>136</span> <span class='ocrx_word' id='word_1_201' title='bbox 731 3360 878 3425; x_wconf 88' lang='lat' dir='ltr'>editionis</span> <span class='ocrx_word' id='word_1_202' title='bbox 901 3361 1056 3447; x_wconf 88' lang='lat' dir='ltr'>alterius),</span> <span class='ocrx_word' id='word_1_203' title='bbox 1079 3382 1142 3425; x_wconf 91' lang='lat' dir='ltr'>non</span> <span class='ocrx_word' id='word_1_204' title='bbox 1168 3361 1276 3426; x_wconf 90' lang='lat' dir='ltr'>valeat</span> 
     </span>
     <span class='ocr_line' id='line_1_30' title="bbox 153 3464 1275 3550; baseline 0.006 -22"><span class='ocrx_word' id='word_1_205' title='bbox 153 3464 354 3541; x_wconf 85' lang='lat' dir='ltr'>deG1aecis,</span> <span class='ocrx_word' id='word_1_206' title='bbox 378 3487 456 3550; x_wconf 91' lang='lat' dir='ltr'>quos</span> <span class='ocrx_word' id='word_1_207' title='bbox 478 3472 605 3550; x_wconf 89' lang='lat' dir='ltr'>practer</span> <span class='ocrx_word' id='word_1_208' title='bbox 629 3473 749 3532; x_wconf 89' lang='lat' dir='ltr'>ceteros</span> <span class='ocrx_word' id='word_1_209' title='bbox 773 3466 882 3531; x_wconf 86' lang='lat' dir='ltr'>subtili</span> <span class='ocrx_word' id='word_1_210' title='bbox 906 3468 1031 3531; x_wconf 88' lang='lat' dir='ltr'>aurium</span> <span class='ocrx_word' id='word_1_211' title='bbox 1058 3467 1175 3533; x_wconf 92' lang='lat' dir='ltr'>iudicio</span> <span class='ocrx_word' id='word_1_212' title='bbox 1198 3490 1275 3534; x_wconf 89' lang='lat' dir='ltr'>usos</span> 
     </span>
     <span class='ocr_line' id='line_1_31' title="bbox 154 3572 1275 3657; baseline 0.004 -22"><span class='ocrx_word' id='word_1_213' title='bbox 154 3592 221 3635; x_wconf 88' lang='lat' dir='ltr'>cssc</span> <span class='ocrx_word' id='word_1_214' title='bbox 249 3593 287 3634; x_wconf 86' lang='lat' dir='ltr'>ex</span> <span class='ocrx_word' id='word_1_215' title='bbox 309 3572 468 3639; x_wconf 90' lang='lat' dir='ltr'>nonnullis</span> <span class='ocrx_word' id='word_1_216' title='bbox 496 3590 588 3657; x_wconf 86' lang='lat' dir='ltr'>quac¹</span> <span class='ocrx_word' id='word_1_217' title='bbox 604 3574 695 3638; x_wconf 92' lang='lat' dir='ltr'>nobis</span> <span class='ocrx_word' id='word_1_218' title='bbox 723 3575 894 3638; x_wconf 90' lang='lat' dir='ltr'>traduntur</span> <span class='ocrx_word' id='word_1_219' title='bbox 922 3575 1167 3639; x_wconf 86' lang='lat' dir='ltr'>narratiunculis</span> <span class='ocrx_word' id='word_1_220' title='bbox 1199 3597 1275 3657; x_wconf 89' lang='lat' dir='ltr'>per-</span> 
     </span>
     <span class='ocr_line' id='line_1_32' title="bbox 153 3679 466 3761; baseline 0.006 -20"><span class='ocrx_word' id='word_1_221' title='bbox 153 3679 290 3743; x_wconf 83' lang='lat' dir='ltr'>venustis</span> <span class='ocrx_word' id='word_1_222' title='bbox 313 3681 466 3761; x_wconf 85' lang='lat' dir='ltr'>apparet?</span> 
     </span>
    </p>

    <p class='ocr_par' dir='ltr' id='par_1_10' title="bbox 152 3784 1276 4175">
     <span class='ocr_line' id='line_1_33' title="bbox 241 3784 1275 3872; baseline 0.006 -23"><span class='ocrx_word' id='word_1_223' title='bbox 241 3784 352 3868; x_wconf 90' lang='lat' dir='ltr'>Neque</span> <span class='ocrx_word' id='word_1_224' title='bbox 371 3808 445 3851; x_wconf 89' lang='lat' dir='ltr'>sane</span> <span class='ocrx_word' id='word_1_225' title='bbox 465 3788 630 3870; x_wconf 91' lang='lat' dir='ltr'>quisquam</span> <span class='ocrx_word' id='word_1_226' title='bbox 652 3809 782 3871; x_wconf 89' lang='lat' dir='ltr'>prorsus</span> <span class='ocrx_word' id='word_1_227' title='bbox 800 3795 896 3872; x_wconf 85' lang='lat' dir='ltr'>negat</span> <span class='ocrx_word' id='word_1_228' title='bbox 917 3787 958 3851; x_wconf 91' lang='lat' dir='ltr'>ad</span> <span class='ocrx_word' id='word_1_229' title='bbox 979 3788 1171 3852; x_wconf 86' lang='lat' dir='ltr'>Graecorum</span> <span class='ocrx_word' id='word_1_230' title='bbox 1195 3811 1275 3871; x_wconf 93' lang='lat' dir='ltr'>quo·</span> 
     </span>
     <span class='ocr_line' id='line_1_34' title="bbox 153 3895 1276 3982; baseline 0.004 -26"><span class='ocrx_word' id='word_1_231' title='bbox 153 3914 214 3976; x_wconf 91' lang='lat' dir='ltr'>que</span> <span class='ocrx_word' id='word_1_232' title='bbox 241 3914 366 3957; x_wconf 88' lang='lat' dir='ltr'>sensum</span> <span class='ocrx_word' id='word_1_233' title='bbox 393 3899 536 3976; x_wconf 89' lang='lat' dir='ltr'>spectare</span> <span class='ocrx_word' id='word_1_234' title='bbox 563 3895 596 3959; x_wconf 89' lang='lat' dir='ltr'>id</span> <span class='ocrx_word' id='word_1_235' title='bbox 625 3916 724 3978; x_wconf 84' lang='lat' dir='ltr'>genus</span> <span class='ocrx_word' id='word_1_236' title='bbox 752 3898 905 3960; x_wconf 86' lang='lat' dir='ltr'>sermonis</span> <span class='ocrx_word' id='word_1_237' title='bbox 932 3895 1129 3982; x_wconf 89' lang='lat' dir='ltr'>potissimum</span> <span class='ocrx_word' id='word_1_238' title='bbox 1155 3897 1276 3979; x_wconf 87' lang='lat' dir='ltr'>poetici</span> 
     </span>
     <span class='ocr_line' id='line_1_35' title="bbox 153 4000 1275 4068; baseline 0.004 -5"><span class='ocrx_word' id='word_1_239' title='bbox 153 4006 185 4063; x_wconf 87' lang='lat' dir='ltr'>et</span> <span class='ocrx_word' id='word_1_240' title='bbox 216 4000 307 4065; x_wconf 89' lang='lat' dir='ltr'>multi</span> <span class='ocrx_word' id='word_1_241' title='bbox 340 4001 478 4066; x_wconf 87' lang='lat' dir='ltr'>editores</span> <span class='ocrx_word' id='word_1_242' title='bbox 510 4003 672 4068; x_wconf 88' lang='lat' dir='ltr'>occasione</span> <span class='ocrx_word' id='word_1_243' title='bbox 705 4003 781 4068; x_wconf 88' lang='lat' dir='ltr'>data</span> <span class='ocrx_word' id='word_1_244' title='bbox 812 4002 1061 4067; x_wconf 86' lang='lat' dir='ltr'>animadvertere</span> <span class='ocrx_word' id='word_1_245' title='bbox 1096 4003 1181 4067; x_wconf 91' lang='lat' dir='ltr'>locos</span> <span class='ocrx_word' id='word_1_246' title='bbox 1213 4003 1275 4068; x_wconf 92' lang='lat' dir='ltr'>hoc</span> 
     </span>
     <span class='ocr_line' id='line_1_36' title="bbox 152 4105 652 4175; baseline 0.006 -5"><span class='ocrx_word' id='word_1_247' title='bbox 152 4106 246 4171; x_wconf 93' lang='lat' dir='ltr'>modo</span> <span class='ocrx_word' id='word_1_248' title='bbox 269 4105 421 4173; x_wconf 83' lang='lat' dir='ltr'>formatos</span> <span class='ocrx_word' id='word_1_249' title='bbox 444 4107 494 4175; x_wconf 83' lang='lat' dir='ltr'>rel</span> <span class='ocrx_word' id='word_1_250' title='bbox 517 4115 652 4175; x_wconf 88' lang='lat' dir='ltr'>ornatos.</span> 
     </span>
    </p>
   </div>
   <div class='ocr_carea' id='block_1_4' title="bbox 0 0 1442 4770">
    <p class='ocr_par' dir='ltr' id='par_1_11' title="bbox 0 0 1442 4770">
     <span class='ocr_line' id='line_1_37' title="bbox 0 0 1442 4770; baseline 0 0"><span class='ocrx_word' id='word_1_251' title='bbox 0 0 1442 4770; x_wconf 95' lang='lat' dir='ltr'> </span> 
     </span>
    </p>
   </div>
  </div>
 </body>
</html>
