2864 4770
695 303 737 368 38

156 505 238 575 6161,
262 485 290 562 11
313 483 415 562 6616
438 503 611 580 repetatur,
632 500 689 563 sed
711 497 798 563 illius
824 483 852 563 ἷι
874 504 908 563 61
931 484 1101 563 dEtterae
1126 499 1278 578 cognatae

156 606 198 671 ad
221 625 291 670 eam
314 626 409 687 quarn
431 625 528 688 supra
550 604 720 671 reiciebam
744 604 850 688 legem

246 713 293 776 De
326 711 486 776 vocalibus
523 712 593 794 lege
624 711 761 794 phonica
792 711 1018 795 coniungendis
1050 694 1101 796 ((6
1131 708 1278 792 coniungi

157 819 224 882 vult
246 803 503 894 6661666616
527 805 563 894 11,
587 842 608 895 (,
628 805 676 904 ᾗ),
702 819 742 882 16
765 817 880 901 spiritu
904 838 1016 901 aspero
1039 822 1073 882 et
1098 817 1166 881 leni
1188 816 1277 881 modo

155 925 256 1008 legem
274 925 443 1008 phenicem
461 925 666 1007 sequentibus
680 925 774 990 modo
788 924 1013 990 excedentibus
1031 923 1079 988 ita
1093 924 1234 1000 disserit,
1245 929 1278 986 ut

155 1038 299 1114 repetere
318 1031 386 1095 eius
404 1030 502 1096 rerba
519 1030 656 1096 taedeat.
685 1031 786 1108 Quam
805 1036 945 1096 extremo
963 1030 1033 1096 1666
1052 1049 1277 1096 commemora

155 1137 230 1203 bam
252 1138 412 1202 licentiam
434 1143 600 1220 poetarum
627 1139 753 1203 nomine
778 1130 976 1221 ἀμφιβολίας
1002 1158 1192 1221 nuncupans
1214 1135 1276 1200 fru-

155 1251 223 1308 stra
245 1244 415 1309 stultitiam
435 1245 561 1309 6616166
580 1245 673 1310 (16616
696 1244 729 1307 16
753 1244 940 1327 sapientiam
962 1249 1088 1309 mutare
1111 1244 1276 1308 studuerit

244 1351 379 1415 Omnino
402 1351 565 1428 audacius,
598 1373 693 1434 qnam
721 1350 843 1416 felicius
871 1351 951 1434 egit,
975 1351 1060 1433 qued
1087 1350 1220 1414 uomina
1247 1350 1276 1412 16

155 1462 224 1522 6116
260 1460 392 1522 metrice
422 1457 542 1522 usitata
577 1478 698 1540 usuque
734 1457 869 1540 probata
903 1458 939 1523 in
970 1463 1073 1522 artem
1108 1457 1276 1540 phenicem

154 1565 327 1640 transtulit,
349 1586 444 1648 quam
467 1571 566 1629 611661
590 1564 791 1646 Kirrlbofsio
815 1565 1017 1647 superstitem
1040 1564 1109 1628 fore
1135 1565 1210 1646 quis
1232 1568 1277 1628 est

154 1672 208 1753 661
232 1673 358 1755 speret?
382 1711 424 1719 —

243 1777 333 1841 Hanc
355 1778 433 1842 mihi
457 1779 490 1843 in
512 1778 591 1842 meis
614 1777 853 1860 quaestionibus
879 1777 1086 1860 principalem
1109 1777 1275 1861 praeposui

154 1885 263 1968 legem,
292 1890 327 1949 61
350 1906 473 1968 semper
497 1884 718 1960 examinarem,
740 1891 847 1949 utrum
870 1886 955 1950 vocis
977 1884 1076 1967 ipsius
1100 1884 1148 1949 vel
1172 1886 1275 1967 potius

153 1992 277 2055 aurium
305 1990 422 2055 iudicio
446 1990 708 2056 confirmarentur
731 2012 781 2066 ea,
809 2012 891 2073 quae
913 1991 1097 2056 observasse
1126 1992 1206 2056 milri
1234 1992 1275 2056 vi-

153 2099 246 2162 derer
268 2119 309 2161 an
331 2119 395 2161 666
418 2096 687 2163 666111166166161.

244 2204 304 2267 Ρ61
328 2224 361 2268 66
384 2203 466 2267 enim
490 2204 687 2287 intellegitur
708 2205 924 2286 quaestionem
947 2204 1081 2287 primam
1105 2225 1275 2270 6661666-

152 2331 209 2394 per
232 2310 337 2386 fuisse,
359 2332 434 2374 num
451 2310 605 2376 voeabula
624 2333 669 2387 66,
693 2311 732 2376 (16
751 2311 866 2394 quibus
885 2332 1021 2395 agerem,
1044 2317 1110 2375 tam
1130 2334 1275 2396 magnam

152 2418 185 2481 16
217 2418 389 2483 enuntiatis
421 2419 483 2482 vim
519 2424 616 2502 61666
648 2420 868 2483 auctoritatem
905 2418 1075 2494 haberent,
1110 2423 1148 2483 ut
1180 2419 1278 2503 digna

153 2525 343 2601 viderentur,
374 2546 456 2606 6666
488 2526 692 2607 singulariter
720 2524 898 2590 efferentur.
947 2524 1052 2602 Quare
1079 2547 1143 2590 non
1170 2529 1278 2592 616616

114 2654 117 2659 ·
151 2630 374 2696 vocabulorum
392 2652 508 2713 genera
530 2633 653 2714 possint
670 2632 723 2695 hic
741 2631 943 2708 considerari,
965 2631 1056 2696 facile
1075 2633 1279 2715 perspicitur,

152 2738 293 2820 quamvis
320 2737 445 2820 saepius
473 2759 548 2802 6666
575 2739 608 2801 in
632 2737 863 2802 dubitationem
891 2738 997 2802 vocari
1023 2739 1140 2820 possit,
1166 2745 1278 2805 utrum

151 2849 237 2909 recte
264 2845 447 2910 omittamus
474 2865 586 2909 sonum
609 2845 693 2908 vocis
717 2846 881 2911 cuiusdam
907 2844 1033 2909 levioris
1058 2846 1212 2910 momenti
1235 2849 1278 2912 ad

152 2952 341 3015 sententiam
361 2950 617 3016 conformandam
635 2973 733 3015 66666
752 2953 942 3017 omittemus.
979 2950 1105 3016 Certam
1129 2953 1278 3020 omnibus

151 3058 228 3121 16616
252 3078 393 3121 normam
417 3058 505 3140 sequi
529 3058 562 3120 16
585 3080 620 3122 16
643 3063 708 3121 1616
733 3059 868 3134 1666116,
896 3059 990 3122 661116
1018 3058 1279 3126 circumscribere

151 3162 267 3228 finibus
296 3169 397 3228 artem
425 3185 508 3239 eam,
540 3185 634 3247 quam
668 3185 723 3229 suc
751 3164 864 3246 cuique
887 3164 1004 3229 iudicio
1027 3162 1173 3241 definire,
1201 3189 1277 3248 pro-

151 3271 221 3352 prio
244 3272 338 3335 modo
362 3271 518 3353 explicare
542 3271 625 3346 licet,
652 3291 753 3352 neque
776 3292 834 3353 ego
857 3276 969 3353 potero
996 3291 1098 3356 neque
1125 3294 1278 3355 umquam

151 3377 218 3440 sine
241 3379 386 3442 maximis
409 3375 651 3443 difficultatibus
675 3378 841 3460 quisquam
863 3378 989 3460 poterit.

240 3483 361 3561 Quibus
389 3505 447 3566 ego
475 3485 577 3549 causis
604 3485 654 3548 vel
681 3485 873 3567 argumentis
902 3491 1076 3551 commotus
1104 3506 1209 3550 meum
1235 3486 1280 3552 de

151 3610 275 3673 666666
302 3590 370 3655 loco
399 3591 526 3655 fecerim
553 3590 718 3668 iudicium,
746 3591 905 3656 interdum
931 3592 1120 3675 explanabo,
1148 3595 1275 3675 saepius

150 3695 332 3778 praeteribo
347 3702 379 3760 et
393 3696 558 3762 brevitatis
577 3697 681 3780 gratia
696 3704 728 3760 et
742 3700 817 3779 6616
830 3719 888 3781 per
902 3697 1032 3763 difficile
1046 3705 1095 3763 est
1113 3699 1276 3783 inquirere

150 3804 182 3865 16
207 3825 259 3868 eas
283 3804 377 3887 leges,
400 3824 478 3886 quas
501 3809 652 3886 sequatur
675 3824 783 3869 sensus
806 3805 943 3868 1666166.

238 3911 436 3994 Quamquam
459 3931 550 3992 spero
573 3910 641 3975 fore
664 3914 700 3974 ut
727 3912 811 3993 quod
835 3912 1014 3994 scripserim
1037 3916 1093 3975 aut
1122 3911 1275 3994 explicari

148 4023 206 4081 661
228 4018 371 4082 excusari
394 4017 502 4100 possit.
544 4018 672 4082 [nstitui
695 4024 801 4082 autem
821 4017 1056 4084 observationes
1079 4040 1165 4085 meas
1188 4019 1276 4085 hunc

148 4127 180 4187 in
205 4125 350 4189 moduine
371 4123 532 4207 profectus
555 4124 597 4189 ab
621 4125 836 4208 exemplorum
860 4125 1064 4192 multitudine
1090 4146 1199 4192 omnes
1223 4129 1275 4193 di-
