2864 4770
622 338 658 400 11

172 512 323 596 Campum
350 512 506 577 lubricum
528 513 596 596 ipse
620 514 687 578 dixi
710 534 777 578 esse
800 512 1106 596 disputationemque
1130 534 1202 596 cap-

82 619 258 696 tiosiorem,
281 641 375 701 quam
398 625 592 685 tractaturus
617 642 724 686 essem.
770 619 832 685 Sed
855 620 997 703 pericula
1020 641 1111 703 spero
1135 619 1202 684 fore

83 733 119 789 ut
142 726 256 791 evitem
279 747 324 803 eo,
348 727 431 810 quod
454 726 639 809 plerumque
662 728 740 792 satis
762 726 888 792 habebo
912 727 1062 809 exemplis
1081 726 1203 790 collatis

82 832 218 916 probare
246 833 321 914 quid
346 833 504 898 veteribus
533 834 701 917 placuerit,
728 832 894 898 abstinebo
918 854 938 897 a
960 833 1084 898 iudiciis
1108 834 1203 897 certis

82 940 122 1003 ad
160 944 304 1005 nostrum
340 960 465 1005 sensum
497 940 613 1005 relatis.
669 941 866 1022 Quamquam
898 941 931 1005 id
963 939 1096 1005 fortasse
1129 941 1204 1005 licet

83 1046 209 1122 addere,
228 1046 482 1112 observationum
500 1068 617 1123 earum,
635 1069 714 1129 quas
727 1047 922 1130 proposituri
937 1068 1052 1123 sumna,
1071 1047 1203 1111 eandem

83 1158 168 1216 certe
196 1172 262 1218 esse
279 1150 397 1229 fidem,
425 1175 520 1235 quam
548 1174 669 1229 earum,
698 1175 778 1237 quae
804 1153 982 1218 novissimis
1007 1152 1203 1237 temporibus

83 1259 122 1323 de
145 1264 214 1323 arte
237 1266 378 1324 veterum
401 1260 520 1325 musica
543 1259 646 1325 factae
669 1266 750 1324 sunt.
812 1301 817 1312 ·
899 1336 903 1344 ¹

172 1366 327 1443 Quoniam
350 1367 427 1431 utile
450 1389 512 1431 non
532 1368 699 1432 videbatur
722 1367 755 1430 in
778 1365 828 1430 his
847 1365 1084 1449 quaestionibus
1103 1368 1202 1450 magis

83 1473 125 1536 ad
148 1473 330 1537 uuiversum
348 1494 440 1537 usum
457 1473 616 1557 poeticum
636 1472 852 1557 spectantibus
871 1474 933 1536 arti
953 1473 1080 1536 criticae
1099 1473 1203 1537 locum

81 1581 173 1656 dare,
200 1599 323 1662 semper
345 1584 466 1645 textum
490 1581 770 1645 Hmmuuuiauuua
793 1601 813 1644 a
834 1579 1008 1644 Ritsohelio
1032 1579 1203 1661 repetitum

83 1686 246 1770 (editionis
269 1686 415 1773 alterius)
439 1694 563 1752 secutus
587 1709 665 1765 sum,
688 1688 784 1752 etiam
803 1688 848 1751 eis
866 1687 952 1762 locis,
976 1686 1088 1768 quibus
1108 1686 1203 1750 verba

82 1793 124 1856 ab
149 1792 329 1858 Hermanno
351 1795 523 1860 constituta
546 1793 625 1858 mihi
649 1796 776 1877 quidem
799 1815 861 1859 non
885 1794 1019 1876 placent.
1056 1792 1203 1857 Ceterum

82 1899 268 1982 plerumque
300 1901 498 1966 coniecturae
531 1907 564 1967 et
590 1901 845 1966 Hermaunianae
877 1905 910 1964 et
941 1901 1076 1964 aliorum
1108 1920 1202 1981 quam

82 2007 219 2070 maxime
250 2004 319 2072 fieri
350 2014 455 2090 potest
487 2008 611 2073 litteras
639 2008 861 2074 vocabulorum
891 2028 987 2071 manu
1014 2008 1201 2089 scriptorum

82 2133 220 2196 aequare
243 2115 380 2191 student,
403 2136 500 2196 quare
523 2114 569 2192 fit,
591 2121 628 2179 ut
646 2116 805 2180 rarissimo
824 2113 1058 2179 observationes
1076 2120 1203 2178 nostrae

83 2219 335 2285 correctionibus
350 2222 487 2285 virorum
511 2223 676 2287 doctorum
698 2221 925 2305 perturbentur
946 2226 1003 2285 aut
1020 2226 1202 2303 pervertan-

82 2333 146 2391 tur.
196 2327 232 2391 lo
266 2328 349 2412 quod
383 2330 578 2411 potissimum
611 2328 697 2394 cadit
728 2329 762 2392 in
794 2349 847 2392 eas
878 2327 1090 2412 quaestiones,
1122 2349 1203 2408 quac

83 2434 186 2498 altero
213 2434 281 2500 loco
309 2435 475 2500 institutae
502 2437 653 2501 maiorem
681 2435 952 2501 commentationis
979 2438 1101 2517 partem
1130 2454 1202 2497 con-

83 2539 203 2605 ficiunt.
