2864 4770
621 276 642 339 5

73 460 220 521 accentus
249 460 281 519 et
306 460 422 519 natura
444 453 635 537 syllabarum
658 454 742 519 inter
765 475 798 520 se
820 443 975 538 pugnent,
1002 475 1066 519 una
1088 459 1195 519 autem

73 567 190 627 natura
211 582 336 626 versum
359 559 469 637 faciat,
493 581 680 645 quaeramus
704 566 842 643 oportet,
870 560 911 626 ab
935 566 1008 626 utra
1030 566 1120 644 parte
1144 581 1195 625 ars

73 669 193 733 musica
212 668 405 733 Graecorum
428 671 555 734 steterit
578 673 633 733 aut
656 669 720 733 utri
744 670 844 751 magis
867 666 1022 754 faverit.¹)
1059 667 1140 732 Nam
1162 666 1195 730 id

74 776 127 840 vix
154 776 319 868 quisquam
346 795 463 858 negare
491 774 623 858 poterit,
650 775 817 859 utriusque
845 775 891 839 rei
918 776 1074 840 rationem
1100 773 1196 838 fuisse

74 881 254 947 habendam
277 883 340 947 arti
363 883 514 959 musicae,
542 882 569 946 si
592 883 686 948 modo
710 883 851 947 carmina
873 882 1030 966 intellegi,
1053 881 1080 946 si
1103 880 1196 945 modo

75 988 145 1070 ipsa
166 989 292 1071 placere
314 987 416 1054 vellet.

165 1094 244 1160 Cum
266 1116 339 1161 vero
368 1100 488 1161 certum
516 1093 556 1159 de
583 1095 634 1160 his
662 1095 901 1179 quaestionibus
928 1094 1079 1159 iudicium
1106 1114 1197 1158 nemo

75 1201 180 1267 facere
207 1203 321 1285 possit,
353 1207 497 1267 nostrum
525 1208 573 1267 est
600 1202 760 1267 abstinere
788 1208 926 1267 mentem
953 1223 973 1266 a
1000 1201 1198 1278 coniecturis,

75 1331 211 1394 quarum
233 1308 338 1373 nullus
360 1308 481 1373 fructus
505 1312 562 1385 est,
585 1309 757 1374 consistere
779 1310 813 1372 in
836 1308 941 1373 verbis
959 1314 1101 1373 veterum
1123 1329 1198 1391 poe·

74 1423 182 1482 tarum
204 1417 289 1499 ipsis.
326 1414 432 1497 Atque
454 1415 487 1478 in
512 1415 557 1480 eis
580 1414 684 1480 verbis
707 1415 850 1499 legendis
874 1420 907 1480 et
930 1416 1106 1498 relegendis
1129 1434 1199 1478 eam

75 1522 169 1589 nobis
196 1542 408 1605 proponamus
435 1521 570 1604 primam
598 1543 741 1587 normam
769 1528 800 1586 et
829 1523 983 1604 regulam,
1010 1526 1047 1585 ut
1074 1521 1199 1586 aurium

77 1629 196 1695 iudicio
219 1628 352 1693 eandem
374 1628 424 1692 vol
446 1626 580 1694 fortasse
602 1629 753 1694 maiorem
776 1628 950 1694 habeamus
973 1626 1081 1703 fidem,
1105 1648 1199 1710 quam

77 1735 247 1801 oculorum.
288 1734 369 1798 Nam
393 1735 518 1799 etiamsi
542 1735 776 1801 concedendum
799 1740 856 1812 est,
878 1735 938 1800 hac
961 1755 1086 1817 quoque
1109 1734 1142 1797 in
1165 1755 1200 1798 re

77 1848 201 1908 veteres
223 1841 318 1906 aliter
340 1843 479 1925 potuisse
502 1843 619 1907 sentire
642 1848 738 1925 atque
761 1863 827 1919 noe,
850 1847 956 1907 tamen
981 1863 1018 1906 ea
1035 1841 1115 1905 mihi
1134 1862 1200 1905 cer-

77 1949 142 2013 tior
165 1949 290 2014 videtur
318 1969 385 2013 esse
407 1949 471 2026 via,
499 1950 541 2014 ad
563 1951 648 2014 vocis
670 1948 827 2013 humanae
849 1970 960 2013 sonum
983 1970 1129 2013 revocare
1152 1949 1200 2012 iu-

79 2056 210 2132 dicium,
233 2075 394 2140 quaerere,
416 2061 523 2120 utrum
546 2056 667 2138 aliquid
690 2055 771 2120 bene
794 2063 885 2120 sonet
908 2077 949 2121 an
973 2056 1084 2132 minus,
1107 2076 1201 2137 quam

79 2183 204 2246 semper
226 2161 358 2226 haerere
380 2162 414 2226 in
436 2162 561 2238 litteris,
585 2183 665 2246 quae
687 2167 765 2246 quot
782 2162 932 2245 periculis
950 2169 1007 2245 per
1024 2168 1202 2244 temporum

81 2290 206 2333 cursum
229 2267 384 2333 obnoxiae
407 2267 527 2333 fuerint
549 2290 641 2334 nemo
665 2270 773 2334 nescit

170 2375 216 2440 Ut
239 2396 296 2458 ego
320 2376 468 2457 equidem
490 2376 606 2451 sentio,
633 2376 718 2441 iusto
742 2376 866 2458 saepius
889 2375 946 2439 illa
968 2375 1093 2440 aurium
1116 2397 1202 2439 mon-

81 2501 164 2558 sura,
187 2481 272 2564 quod
296 2503 363 2546 esse
385 2481 489 2546 acrius
513 2482 663 2545 iudicium
687 2487 720 2546 et
742 2482 867 2556 certius,
894 2502 988 2563 quam
1012 2481 1203 2564 syllabarum

80 2592 247 2652 numerum
273 2584 379 2652 Cicero
404 2589 443 2652 de
467 2608 510 2652 or.
534 2587 668 2664 111,47‚
694 2588 756 2652 183
781 2587 867 2663 dicit,
891 2587 1072 2670 despicitur,
1094 2594 1203 2670 poeta-

82 2716 153 2759 rum
176 2695 272 2759 verba
299 2695 345 2758 ita
372 2693 439 2758 fere
466 2699 658 2770 tractantur,
684 2700 722 2757 ut
749 2715 787 2758 ea
814 2695 881 2758 sola
908 2694 1033 2759 illorum
1061 2714 1113 2760 ars
1137 2715 1203 2760 esse

82 2800 229 2864 videatur
256 2822 380 2877 curare,
407 2822 447 2866 ne
470 2807 639 2884 praecepta
660 2801 792 2864 metrica
814 2801 995 2876 laedantur,
1023 2806 1059 2865 ut
1082 2821 1205 2884 sempor

82 2906 224 2990 legitimo
256 2907 357 2990 gradu
388 2908 537 2972 incedant
569 2928 685 2972 versus.
739 2907 850 2989 Neque
881 2928 955 2971 uero
988 2927 1025 2971 ea
1057 2912 1106 2972 est
1137 2908 1205 2972 sola

82 3019 251 3097 poetarum
277 3034 342 3090 ars,
371 3015 425 3079 sed
453 3014 612 3097 permulta
638 3013 703 3078 alia
725 3013 879 3079 accedunt
902 3014 943 3079 ad
967 3014 1119 3079 orationis
1143 3015 1204 3077 vim

83 3128 181 3204 atque
212 3141 357 3185 versuum
389 3120 578 3203 elegantiam
611 3120 784 3203 augendas,
816 3141 897 3202 quae
930 3120 970 3184 ad
1002 3121 1206 3203 percipienda

83 3249 177 3292 aures
204 3233 330 3292 nostrae
354 3228 495 3310 quamvis
517 3227 709 3303 hebetiores,
737 3247 832 3308 quam
855 3233 1009 3301 veterum,
1037 3224 1205 3290 sufficiunt.

178 3477 196 3542 ¹)
221 3474 351 3529 Conleras
373 3474 526 3529 Rossbach*
552 3480 577 3529 et
604 3472 769 3542 Wertpbalii
791 3473 860 3529 artis
883 3473 1015 3529 metricae
1039 3474 1207 3550 Graecorum

86 3564 139 3618 vol.
154 3550 191 3618 'H‘
205 3581 231 3633 p.
251 3565 285 3617 23
304 3563 338 3618 de
357 3564 409 3617 hoc
428 3563 595 3628 discrimino,
616 3563 663 3616 ubi
683 3570 736 3617 est:

177 3651 233 3731 Dic
248 3652 384 3705 Grieobea
401 3668 497 3705 wareo
514 3668 569 3705 coa
582 3651 702 3721 Arrfaap
721 3670 761 3705 aa
777 3651 910 3721 percoleret,
931 3650 984 3705 clas
1002 3657 1128 3706 artorcoto
1146 3651 1208 3705 aad

87 3742 133 3796 die
150 3741 285 3810 Toabdbe,
306 3740 372 3793 oder
391 3740 445 3794 dea
463 3741 664 3810 rlnptbmc'scbea
678 3741 757 3795 Ictus
775 3741 836 3794 aad
855 3739 909 3794 dea
923 3740 1053 3794 Hoclttoa
1068 3741 1110 3794 olo
1124 3747 1209 3794 etwas

87 3831 149 3885 dem
173 3829 270 3884 Weaert
292 3829 366 3882 corb
383 3829 585 3884 cersobicdeaes
603 3846 657 3884 coa
676 3829 812 3884 einander
830 3846 866 3883 aa
884 3829 1013 3883 scaelera.
1056 3828 1209 3883 Vocollro'be

86 3919 149 3973 aad
164 3917 340 3972 Vocolstdrlce
354 3947 387 3956 -
401 3917 473 3970 mole
488 3917 556 3971 dicit
571 3918 757 3987 Westpbalius
766 3917 985 3988 „Voeazsturlcd
996 3918 1209 3986 productionem

85 4008 227 4062 vocalium
250 4037 280 4046 -
306 4007 343 4059 ist
365 4023 427 4059 aaa
450 4007 552 4060 cismai
574 4008 651 4060 uiolet
673 4007 805 4075 desselbe,
828 4024 886 4061 cuo·
905 4006 949 4060 die
969 4007 1096 4061 deutsche
1114 4008 1209 4061 Poesr'e

86 4097 138 4151 bat
156 4094 245 4150 beiden
262 4094 510 4161 zusammecfullea
529 4097 627 4166 lassae.
