2864 4770
692 329 734 392 56

152 507 304 588 singulari
332 509 416 572 vocis
443 507 644 571 contentione
671 506 907 589 pronuntianda
935 511 996 582 est,
1027 507 1060 570 id
1088 506 1174 587 quod
1203 493 1271 570 in}

151 614 261 678 littera
282 610 352 677 fieri
376 613 503 677 omnino
526 634 617 696 posse
641 613 786 696 equidem
809 612 996 694 negaverim.

241 720 289 784 De
315 719 619 802 reduplicationibus
652 741 724 783 raro
754 718 878 783 exsistit
909 719 1079 794 dubitatio,
1111 719 1188 800 quia
1219 726 1272 783 ant

153 827 263 890 eadem
295 830 391 907 atque
424 826 533 909 stirpis
565 826 664 909 ipsius
695 825 804 890 littera
836 825 939 908 prima
970 825 1107 908 repetita
1139 832 1188 889 est
1219 832 1272 895 ant

153 932 238 996 illius
262 932 431 996 simillima

241 1037 371 1102 Maioris
408 1039 471 1101 iam
508 1060 575 1104 esse
609 1039 759 1103 momenti
791 1040 1040 1123 praepositiones
1074 1040 1167 1104 facile
1202 1062 1270 1105 con-

153 1147 291 1222 cedetur,
319 1152 368 1210 sat
391 1166 538 1228 magnam
562 1147 594 1208 in
616 1132 641 1208 ii
662 1146 747 1227 quod
774 1145 963 1228 privativum
990 1147 1109 1210 dicitur
1138 1147 1272 1211 auctori-

153 1258 253 1316 tatem
276 1253 377 1317 inesse
400 1274 457 1335 per
480 1273 514 1316 se
536 1259 639 1335 patet:
663 1252 866 1336 quamobrem
890 1273 1027 1334 eaquae
1051 1253 1114 1317 huc
1136 1254 1272 1336 pertine·

154 1359 233 1424 bant
256 1359 400 1442 exempla
423 1360 696 1425 commemoranda
720 1380 787 1424 esse
811 1359 1038 1424 existimabam.

245 1466 337 1544 Quod
364 1467 397 1530 in
426 1467 606 1550 compositis
633 1466 782 1550 legitimis
809 1487 883 1548 pars
910 1467 996 1550 prior
1024 1467 1155 1548 eiusque
1184 1488 1274 1531 sonus

155 1573 335 1656 saepissime
359 1579 488 1656 superat
510 1579 634 1655 partem
656 1573 877 1656 posteriorem,
904 1594 996 1637 nemo
1019 1573 1200 1650 mirabitur,
1223 1575 1274 1655 qui

156 1702 251 1762 quam
274 1681 533 1745 consuetudinem
554 1680 667 1745 Graeci
690 1680 723 1743 in
747 1681 969 1763 componendis
992 1678 1154 1744 vocabulis
1179 1682 1273 1744 secuti

155 1787 228 1864 sint,
250 1792 449 1870 perspectum
472 1786 613 1851 habebit.
655 1786 803 1851 Ceterum
820 1786 905 1851 vocis
929 1785 1063 1851 alicuius
1085 1787 1275 1869 principium

156 1915 277 1976 semper
301 1887 423 1958 facilius
442 1892 573 1958 auribus
596 1893 779 1977 percipitur,
798 1915 894 1976 quam
916 1893 1057 1976 reliquae
1081 1894 1168 1956 illius
1192 1893 1275 1957 litte-

156 1986 211 2064 rae
234 2000 381 2082 illiusque
405 2022 499 2065 sonus
522 2001 623 2082 magis
646 2001 745 2065 menti
768 2000 927 2077 inhaeret,
954 2022 1049 2085 qnam
1073 2000 1274 2082 reliquarum.

245 2107 323 2172 Tres
350 2106 448 2190 igitur
476 2107 590 2172 classes
613 2107 875 2171 allitterationum
902 2109 943 2172 ad
970 2129 1061 2171 voces
1089 2107 1276 2190 compositas

156 2214 367 2297 spectantium
395 2233 463 2278 esse
489 2213 588 2277 volui:
620 2215 754 2296 primam
783 2234 892 2278 earum
919 2235 1043 2291 vocum,
1076 2215 1110 2278 in
1142 2236 1276 2298 quarum

156 2322 262 2405 priore
294 2325 386 2403 perte
418 2319 617 2384 contineatur
648 2321 828 2385 litterarum
861 2321 961 2398 lusus,
994 2322 1128 2386 alteram
1161 2344 1276 2396 earum,

157 2448 289 2510 quarum
308 2426 491 2509 posterioris
509 2428 611 2510 pertis
629 2426 738 2491 littera
755 2428 858 2510 prima
877 2429 995 2505 redeat,
1013 2428 1143 2492 tertiam
1163 2450 1276 2502 earum,

157 2556 291 2617 quarum
313 2535 355 2598 ad
378 2538 545 2615 utramque
568 2539 692 2617 partem
715 2535 903 2599 allitteratio
927 2535 1094 2618 pertineat.

246 2641 345 2705 Binae
368 2641 417 2704 vel
440 2646 549 2704 ternae
575 2640 696 2724 primae
719 2642 828 2706 classis
856 2662 946 2706 voees
972 2643 1208 2725 coniunguntur
1231 2641 1277 2705 his

161 2748 248 2812 locis:
873 2745 874 2749 ’

202 2877 229 2940 u.
253 2854 300 2918 13.
322 2853 370 2916 14.
395 2843 563 2938 ἐμπρεπὴς
582 2878 589 2916 :
610 2852 787 2938 ἐγχωρίων.

204 2984 231 3024 r.
252 2960 325 3024 254.
345 2959 418 3024 255.
442 2955 678 3042 πολισσούχοις
698 2986 705 3023 :
724 2956 947 3043 πεδιονόμοις.

205 3088 231 3131 v.
251 3067 325 3131 386.
345 3063 485 3141 ἐνδίκοις
509 3061 698 3150 ἐπώνυμον.
713 3066 735 3150 ¹)

203 3196 230 3238 v.
249 3174 324 3237 412.
343 3173 417 3236 413.
440 3169 654 3256 προσῄκασεν
672 3196 680 3234 ε
699 3169 886 3257 πυρφόρον.
975 3233 977 3237 .

204 3302 230 3343 v.
250 3280 324 3342 422.
349 3270 473 3359 ἀτίζων
492 3304 500 3342 z
520 3270 776 3362 οἷπογυμνάζσιν.

205 3407 231 3449 v.
250 3386 325 3449 429.
344 3385 418 3450 430.
442 3381 669 3466 Πολυφόντου
689 3411 696 3450 :
715 3386 971 3470 προστατηρίας.

205 3514 231 3557 v.
250 3492 324 3557 489.
344 3493 418 3556 490.
438 3492 512 3556 491.
536 3487 718 3577 ξυνήγαγεν
738 3518 746 3556 :
766 3485 961 3578 ξυστήσεται
981 3518 988 3556 :
1009 3493 1215 3572 ξυνοίσετον.

253 3709 270 3757 't
291 3708 460 3771 (Quamquam
479 3704 579 3758 etheo
598 3708 626 3757 et
644 3704 776 3758 nonnulle
794 3704 850 3758 alia
870 3720 904 3758 ex
924 3703 966 3757 his
986 3702 1129 3772 exemplis,
1153 3719 1279 3773 praeser-

162 3794 210 3847 tim
236 3810 270 3848 ex
294 3792 346 3856 eis,
371 3807 441 3860 quae
465 3792 554 3846 vocali
577 3792 620 3846 bis
642 3792 735 3861 posite
758 3793 939 3857 eontinentur,
967 3809 1022 3847 non
1045 3798 1152 3847 tentum
1177 3793 1280 3847 habent

162 3880 270 3947 valoris,
293 3888 324 3935 nt
347 3880 511 3935 allitteratio
534 3879 640 3950 aliquid
664 3881 756 3935 valere
780 3882 815 3936 ad
838 3879 1003 3936 sententiam
1027 3881 1161 3946 videatur,
1187 3887 1280 3935 tamen

161 3987 195 4024 no
211 3987 244 4024 ea
264 3970 373 4038 quidem
389 3968 520 4024 ‘omittere
540 3968 621 4035 volni,
641 3976 672 4022 ut
691 3970 878 4038 exemplorum
899 3986 1041 4024 numerum
1060 3970 1198 4038 integrum
1217 3986 1279 4039 pro·

161 4076 299 4128 ponerem.
342 4059 374 4112 In
394 4075 486 4113 eorum
506 4074 618 4113 numero
638 4059 740 4113 habeo:
765 4075 790 4111 v.
811 4061 851 4112 13.
874 4060 914 4113 14.
935 4091 969 4099 —
993 4077 1017 4112 v.
1037 4059 1097 4114 386.
1119 4090 1151 4098 -
1176 4077 1200 4115 v.
1220 4060 1279 4114 422.

163 4181 195 4188 -—
216 4167 239 4202 v.
259 4149 319 4203 563.
339 4148 399 4203 564.
420 4178 453 4186 -
474 4164 498 4201 v.
519 4149 595 4202 1003.
