2864 4770
692 1277 738 1348 H.

522 1461 583 1529 De
610 1457 911 1528 allitteratione.

244 1663 431 1728 Accedimus
450 1664 491 1727 ad
509 1685 638 1747 prorsus
657 1662 753 1738 aliud,
771 1654 837 1727 non
855 1663 949 1729 modo
968 1665 1160 1729 contrarium
1179 1687 1276 1749 genus

154 1770 308 1836 orationis
340 1769 549 1837 illustrandae
580 1776 676 1852 atque
705 1769 919 1846 exornandae,
951 1771 992 1834 ad
1024 1770 1277 1850 allitterationes,

154 1877 195 1941 de
219 1875 334 1959 quibus
357 1876 555 1958 aliquantulo
577 1877 706 1942 uberius
730 1877 834 1941 dicere
858 1876 935 1940 mihi
958 1877 1116 1960 proposui.

245 1981 328 2048 Satis
347 1983 507 2066 cognitum
529 1990 578 2049 est
599 1983 819 2068 antiquissima
841 1988 968 2047 nostrae
992 1983 1119 2067 linguae
1137 1986 1277 2051 carmina

155 2110 237 2174 quae
260 2088 351 2154 nobis
374 2091 494 2156 tradita
517 2097 591 2155 sunt
613 2091 660 2155 ita
679 2111 747 2155 esse
766 2092 948 2172 composita,
970 2095 1008 2154 ut
1030 2097 1118 2156 certa
1140 2091 1277 2176 syllaba-

153 2219 226 2261 rum
252 2217 400 2261 mensura
425 2218 490 2262 non
512 2197 705 2273 observetur,
733 2196 926 2280 syllabarum
953 2219 1102 2262 numerus
1130 2198 1277 2263 varietati

154 2325 251 2387 quam
277 2304 433 2368 maximae
464 2303 506 2368 sit
538 2303 705 2379 obnoxius,
737 2302 925 2369 allitteratio
957 2302 1125 2386 praecipue
1153 2326 1278 2370 versum

154 2410 261 2474 faciat.
306 2409 416 2492 Neque
443 2411 486 2474 ad
512 2397 655 2475 nostrum
688 2415 810 2492 spectat
839 2411 1035 2492 propositum
1063 2417 1119 2475 aut
1144 2411 1278 2476 interest

154 2517 278 2600 plenius
306 2537 475 2598 exponere,
502 2537 565 2598 quo
592 2517 685 2581 modo
713 2517 763 2580 vel
795 2536 888 2600 quam
913 2516 1044 2581 diversis
1067 2517 1169 2581 modis
1192 2517 1277 2582 allit-
1311 2553 1321 2571 ·

155 2622 273 2688 teratio
291 2622 442 2687 adhibita
465 2623 513 2688 sit.

246 2728 440 2795 Graecorum
462 2751 586 2814 quoque
614 2730 724 2813 poesin
747 2736 835 2794 certa
862 2732 999 2812 quadam
1026 2735 1131 2796 aetate
1159 2730 1188 2796 ei
1214 2730 1276 2815 legi

155 2836 326 2901 obnoxiam
348 2835 454 2912 fuisse,
476 2859 516 2901 ne
539 2837 662 2901 studuit
685 2836 813 2918 quidem
835 2838 1000 2920 quisquam
1024 2837 1167 2920 probare.
1179 2837 1205 2922 1)

246 2943 381 3008 Tantum
404 2941 570 3026 probabile
592 2944 726 3019 videtur,
754 2964 864 3008 sensus
889 2943 974 3008 illius
997 2966 1018 3008 a
1040 2948 1154 3008 natura
1175 2943 1276 3009 homi-

248 3156 266 3221 1)
286 3156 409 3209 Fuerunt
432 3170 499 3209 sane
526 3154 659 3209 metricae
688 3154 756 3209 artis
780 3155 917 3221 doctores,
947 3155 994 3223 qui
1022 3154 1159 3221 dicerent,
1188 3161 1276 3211 artem

153 3242 299 3298 metricam
319 3242 538 3312 antiquissimam
557 3249 588 3297 ut
606 3243 725 3298 omnium
744 3243 906 3312 populorum
926 3243 967 3298 ita
982 3243 1148 3298 Graecorum
1168 3259 1276 3313 quoque

153 3349 217 3388 eam
236 3331 330 3397 fuisse,
350 3337 381 3385 ut
400 3339 530 3386 accentus
549 3332 744 3387 vocabulorum
763 3348 871 3387 versum
890 3331 1003 3386 faceret.

247 3419 288 3485 Cf.
308 3419 403 3488 Apelli
421 3426 473 3473 art.
493 3426 569 3474 metr.
589 3421 637 3490 II,
653 3437 683 3488 p.
703 3425 774 3473 1-4
793 3426 819 3475 et
832 3420 1002 3489 praecrepue
1016 3436 1046 3487 p.
1066 3425 1092 3490 3,
1112 3423 1181 3474 495:
1209 3420 1277 3475 Was

154 3526 210 3564 aas
234 3509 283 3564 der
301 3507 399 3561 Natar
418 3509 465 3562 des
483 3509 616 3563 Acceates
633 3509 695 3562 aad
714 3508 763 3562 der
785 3508 935 3577 Quantitdt
952 3509 1010 3562 sica
1028 3509 1126 3578 σφῶΐ,
1151 3510 1277 3579 bestdtipt

153 3599 230 3652 aacb
249 3597 293 3651 die
313 3597 478 3652 Gcacbicbte.
511 3597 636 3653 Urbernll
654 3598 750 3664 finden
768 3600 821 3652 wir
840 3598 895 3651 dea
914 3598 1126 3652 arceatirten
1150 3597 1216 3652 Vere
1235 3599 1277 3652 ate

152 3689 211 3742 dea
229 3687 352 3741 attested.

245 3776 277 3830 Id
301 3781 392 3829 autem
417 3776 441 3830 si
465 3775 579 3831 concedi
602 3782 708 3844 posset,
737 3776 795 3831 veri
818 3775 908 3830 simile
932 3781 1017 3841 esset,
1046 3774 1276 3831 allitterationum

153 3882 264 3936 quoque
282 3864 416 3920 sabulosis
435 3864 492 3919 illis
507 3862 677 3933 temporibus
691 3864 907 3934 frequentiorem
923 3880 1004 3932 quam
1024 3869 1118 3919 aetate
1138 3879 1178 3930 ea,
1199 3863 1276 3920 cuius

151 3954 312 4011 accuratior
329 3953 462 4009 memoria
480 3954 515 4008 ad
534 3969 582 4008 nos
601 3953 736 4023 pervenit,
756 3970 833 4009 usum
852 3951 947 4008 fuisse.

243 4044 297 4100 Sed
325 4058 419 4099 earum
447 4059 538 4100 rerum
566 4042 636 4099 nihil
669 4042 713 4098 vel
746 4042 893 4098 levissimis
921 4041 1087 4100 testimoniis
1119 4040 1276 4099 confirmari

150 4140 254 4205 potest.
