2864 4770
198 510 224 549 v.
245 487 317 550 778.
342 487 534 570 φερέγγυον.
787 511 812 552 v.
834 488 906 551 708.
931 487 1094 570 διέλαχον.

198 615 224 658 v.
246 593 318 657 791.
343 585 557 670 αὐτοκτόνος.
787 618 813 659 v.
832 596 907 659 990.
930 588 1129 678 πρόβουλος.

200 723 225 762 ν.
246 701 318 763 793.
343 691 560 782 ἀμφιλέκτως.
787 725 812 766 v.
832 703 906 767 991.
931 693 1054 764 εὔνοια.

199 827 225 868 ν.
246 806 318 872 795.
344 801 542 890 δύσποτμος.
786 832 812 875 v.
835 808 928 874 1007.
954 799 1153 890 όξόμολπος.

199 934 224 975 v.
245 912 318 976 798.
342 909 561 998 σφυρήλατος.
786 938 812 980 v.
835 912 928 980 1015.
951 908 1160 996 πεφύκαμεν.

243 1020 279 1084 In
302 1019 406 1084 tribus
430 1042 467 1084 ex
491 1020 540 1085 his
567 1023 606 1086 10
622 1028 655 1087 ot
672 1023 712 1085 51
734 1007 925 1105 exempliso
948 1020 1115 1085 coniuncta
1134 1025 1183 1084 est
1206 1041 1276 1085 cum

155 1114 200 1189 αν
225 1128 267 1212 (ν.
296 1126 390 1202 1039,
413 1149 439 1190 v.
463 1128 537 1204 662,
560 1149 587 1192 v.
613 1129 702 1212 791),
730 1130 763 1193 in
791 1149 853 1193 uno
875 1113 901 1192 ἶ
921 1127 1038 1192 vocalis
1066 1148 1137 1191 oum
1166 1112 1205 1190 ευ
1228 1126 1275 1189 di-

153 1232 317 1316 phthongo
340 1234 382 1318 (v.
401 1233 491 1320 991).
538 1233 599 1300 Sed
628 1235 692 1299 tria
719 1236 776 1300 illa
802 1235 922 1300 maiore
944 1234 976 1298 vi
1003 1234 1165 1299 rhetorica
1192 1233 1278 1297 elata

153 1345 236 1416 sunt,
259 1362 354 1423 quam
372 1360 453 1423 quae
472 1340 597 1406 silentio
620 1342 795 1426 praeterire
818 1342 921 1418 liceat
944 1362 984 1406 ne
1006 1340 1067 1406 hoo
1090 1340 1222 1425 quidem
1245 1340 1277 1403 in

154 1445 259 1512 vorbis
282 1446 402 1511 levibus
425 1454 577 1513 versatur.

242 1696 280 1760 In
307 1697 466 1763 vocabulis
494 1699 675 1782 compositis
703 1701 761 1775 eis,
792 1697 906 1783 quibus
938 1695 1079 1780 praefixa
1106 1703 1181 1761 sunt
1213 1698 1280 1761 siro

153 1803 347 1886 praepositio
380 1804 445 1869 sive
476 1804 661 1870 adverbium
693 1807 758 1870 sive
790 1806 854 1870 alia
885 1826 945 1869 vox
972 1808 1049 1887 apta
1079 1805 1119 1868 ad
1150 1803 1281 1868 illarum

154 1911 315 1974 notionem
341 1911 519 1976 accuratius
547 1910 758 1977 definiendam
785 1912 870 1996 parti
901 1911 1081 1995 primitivae
1108 1931 1200 1975 suam
1230 1932 1280 1975 re-

154 2037 280 2081 manere
303 2017 368 2080 rim
390 2024 447 2082 aut
469 2039 531 2083 nou
560 2020 653 2084 nimis
676 2020 775 2083 minui
803 2020 934 2103 planum
957 2023 1014 2083 cst.
1064 2016 1193 2100 Optime
1219 2018 1279 2100 igi-

154 2128 206 2186 tur
228 2124 362 2206 cogitari
385 2129 503 2206 potest,
531 2127 572 2189 ad
596 2115 785 2191 seutentiam
807 2127 985 2209 augendam
1012 2124 1177 2190 occasione
1201 2125 1278 2187 data

155 2231 221 2294 eius
244 2231 379 2313 primam
402 2231 552 2309 litteram,
576 2235 717 2315 quamvis
740 2255 803 2297 non
827 2233 869 2297 sit
891 2233 925 2298 in
942 2231 1026 2296 vocis
1050 2231 1143 2295 initio
1162 2231 1276 2313 posita,

155 2337 255 2418 repeti
283 2337 315 2400 in
343 2337 473 2402 alterius
500 2338 646 2408 vocabuli
672 2339 835 2422 principio.
887 2337 1024 2402 Maximo
1057 2338 1090 2402 in
1117 2336 1231 2402 formis
1258 2360 1276 2402 a

156 2443 245 2507 verbe
277 2444 383 2527 aliquo
416 2445 566 2510 derivatis
598 2447 703 2530 potius
730 2447 813 2511 male
845 2466 902 2510 nos
933 2443 1080 2520 haberet,
1114 2445 1141 2508 si
1173 2446 1275 2528 prima

154 2550 263 2614 littera
298 2553 449 2616 maiorem
486 2574 581 2634 quam
613 2554 708 2636 stirps
745 2553 815 2635 ipsa
850 2553 914 2615 vim
949 2551 1068 2615 habere
1106 2552 1272 2616 videretur.

155 2655 377 2738 Exemplorum
410 2657 471 2722 huc
502 2662 709 2742 spectantium
742 2681 888 2742 magnam
920 2679 987 2722 esse
1018 2657 1207 2722 varietatem
1237 2679 1272 2720 cx

155 2782 262 2827 vocum
283 2764 420 2845 ipsarum
439 2772 553 2829 natura
571 2767 785 2848 consequitur:
808 2786 955 2831 numeros
974 2785 1120 2830 versuum
1140 2784 1287 2868 sequens*

155 2891 192 2934 ea
215 2870 419 2935 enumerabo:

314 2999 340 3041 v.
363 2979 410 3042 18.
436 2967 578 3042 ἅπαντα
602 2979 858 3064 (πανδοκοῦσα).

314 3105 341 3148 v.
361 3085 412 3148 37.
437 3080 577 3168 ἔπεμψα
601 3085 792 3170 (πέποιθα).

316 3213 343 3254 v.
361 3191 413 3254 43.
437 3198 765 3276 ταυροσφαγοῦντες
789 3188 931 3277 (σάκος).

314 3319 340 3362 v.
360 3295 411 3360 52.
436 3293 665 3383 σιδηρόφρων
689 3297 862 3383 (φλέγων).

315 3427 341 3467 v.
361 3403 412 3467 55.
437 3399 579 3468 ἔλειπον
604 3400 754 3490 (λαχών).

315 3533 342 3573 v.
361 3511 434 3574 201.
459 3508 633 3574 ἐκλείπειν
658 3506 794 3596 (λόγος).

315 3638 340 3681 r.
361 3616 433 3681 207.
458 3616 667 3701 (πειθαρχία)
693 3609 887 3701 εὐπραξίας.

317 3745 341 3785 r.
361 3723 433 3786 267.
460 3719 660 3805 ἑπτατειχεῖς
685 3719 812 3808 (τόξου).

316 3852 340 3892 r.
361 3829 434 3893 389.
459 3822 634 3909 ἀντιτάξω.
647 3831 672 3913 ¹)

314 3959 342 3999 v.
360 3936 434 4001 403.
460 3933 586 4022 (τούτῳ
610 3928 733 4020 οὕτως)
758 3929 916 4019 εὐτυχεῖτ’.

246 4135 264 4197 1)
285 4133 325 4187 Cf.
344 4149 406 4203 pag.
426 4133 468 4187 50.
