2864 4770
689 313 733 377 44

152 494 254 559 tentia
290 493 366 577 ipsis
398 489 558 555 vocalibus
590 512 738 575 expressa
769 491 894 554 ridetur
930 493 1070 553 totorum
1106 489 1278 554 vorborum

152 600 275 664 ratione
298 620 361 664 non
383 596 504 674 habita,
528 619 608 681 quae
632 597 727 663 verbo
751 603 836 662 certe
858 597 1019 679 tangenda
1042 601 1123 661 sunt.

242 706 344 771 Certis
367 703 527 771 vocalibus
550 726 697 788 magnam
720 705 849 768 insitam
872 725 939 769 esse
962 703 1032 768 soni
1054 704 1118 767 vim
1141 706 1279 779 constat,

152 814 287 878 maxime
315 799 396 877 det
428 798 456 876 ὦ
489 833 582 895 saepo
613 812 751 895 repetita
782 811 868 875 intra
901 831 1074 893 paucorum
1106 809 1280 874 verborum

152 921 289 1005 spatium
317 924 418 984 totum
444 919 548 984 locum
575 925 662 984 certo
694 919 798 983 colore
826 918 963 1000 quodam
995 917 1088 981 modo
1120 914 1280 992 inficiunt,

152 1029 236 1092 unde
259 1027 367 1108 aliqua
390 1048 429 1090 cx
451 1032 542 1108 parte
562 1031 645 1090 cc1tc
669 1027 748 1090 illud
768 1025 951 1108 explicatur,
969 1045 1025 1089 cur
1048 1021 1166 1088 formas
1191 1024 1279 1087 ‹iori-

153 1157 204 1199 cas
228 1133 261 1197 in
284 1134 389 1216 lyricis
413 1132 592 1197 fabularum
614 1133 759 1215 partibus
783 1137 895 1214 poetae
917 1130 1010 1195 attici
1036 1130 1233 1212 usurparint.

148 1287 150 1291 «
242 1239 304 1304 Sed
335 1242 368 1303 in
399 1239 450 1303 his
481 1261 606 1322 quoque
637 1240 717 1303 artis
752 1240 893 1322 poeticae
929 1238 1013 1301 notis
1046 1243 1206 1321 quatenus
1239 1238 1280 1300 dc

153 1354 265 1432 poetae
296 1347 435 1411 consiliis
467 1348 669 1429 cogitandum
700 1346 755 1422 sit,
792 1344 1014 1409 difficillimum
1047 1344 1109 1409 erit
1142 1342 1280 1408 definire

105 1468 108 1473 “
152 1460 284 1538 propter
305 1454 406 1536 ipsam
429 1453 584 1519 vocalium
606 1458 761 1517 naturam.

242 1561 288 1624 Ut
310 1561 337 1624 si
363 1560 535 1640 Teuffelias
558 1560 669 1624 Aesch.
693 1560 778 1625 Pers.
802 1560 881 1624 405:

313 1666 435 1753 Ξέρξης
459 1659 492 1731 d'
516 1658 699 1751 ἀνῴμωξεν
722 1673 840 1730 κακῶν
864 1658 955 1751 ὁρῶν
978 1661 1087 1746 βάθος

155 1782 186 1839 a
209 1796 235 1838 v.
260 1774 324 1837 crs
349 1795 394 1856 sq.
418 1774 470 1858 <cr
495 1774 579 1837 anius
604 1774 752 1838 editions
775 1796 804 1856 p.
830 1774 900 1859 rep
928 1754 931 1760 '

313 1881 346 1944 τί
369 1876 449 1944 τάδε
474 1875 600 1944 δυνάτα
625 1875 762 1958 δυνάτα,

313 1989 390 2070 περὶ
411 1994 454 2074 τᾷ
479 1992 520 2074 σᾷ
545 1987 664 2070 δίδυμα
689 1982 836 2070 διάγοιεν
860 1978 1003 2071 ἁμάρτια

315 2088 407 2180 πάσᾳ
430 2099 471 2180 γᾷ
496 2099 537 2180 σᾷ
559 2100 601 2180 τᾷ
626 2086 659 2157 δ’
684 2085 861 2174 ἐξέφθινθ’
885 2089 918 2156 ori
940 2093 1136 2177 τρίσκαλμοι

314 2207 392 2276 νᾶες
415 2193 515 2276 ἄναες
538 2191 645 2276 ἄναες.

155 2307 200 2373 ibi
230 2308 354 2372 litteras
383 2293 421 2384 ὦ,
447 2306 500 2370 hic
527 2293 555 2370 d
576 2307 719 2370 consulto
747 2329 767 2370 a
793 2312 888 2389 poeta
915 2307 1074 2370 cumulata
1101 2329 1169 2372 esse
1200 2308 1281 2373 dicit

155 2413 208 2499 (cf.
231 2416 328 2479 etiam
351 2436 378 2479 v.
399 2415 464 2477 922
484 2414 554 2499 sq.)‚
578 2415 643 2478 reri
666 2435 741 2478 sane
764 2414 865 2478 simile
884 2420 941 2490 est,
963 2420 1049 2477 recte
1072 2415 1162 2478 illum
1185 2416 1280 2479 audi-

156 2523 217 2586 issc
241 2527 272 2586 et
296 2522 462 2586 iudicasse.

244 2628 333 2693 Alius
355 2635 462 2692 tamen
484 2628 574 2704 locis,
600 2634 637 2692 ut
660 2629 744 2692 Pers.
771 2651 797 2692 v.
823 2627 889 2692 540
912 2630 982 2712 (cv)
1025 2634 1039 2692 t
1066 2650 1093 2691 v.
1117 2628 1183 2691 545
1210 2630 1281 2714 (ω),

156 2736 208 2800 vix
231 2736 376 2817 equidem
400 2734 485 2797 illius
509 2732 638 2798 auribus
662 2734 807 2799 assentiri
832 2736 933 2798 velim.

243 2841 380 2906 Maxime
408 2861 481 2905 vero
508 2841 541 2904 in
569 2840 760 2905 carminibus
788 2842 894 2924 lyricis
923 2861 989 2906 esse
1021 2841 1124 2905 locum
1156 2843 1279 2908 talibus

155 2949 291 3026 artibuS,
314 2946 463 3032 perfacile
487 2948 735 3033 cognoscitur1):
755 2950 792 3026 ‚in
815 2948 882 3012 eius
905 2969 999 3031 quam
1021 2970 1078 3012 nos
1102 2953 1279 3014 tractamus

155 3161 257 3228 optime
277 3160 451 3228 perspicitur,
475 3166 607 3228 quantum
631 3159 704 3214 inter
727 3161 836 3215 vocales
855 3167 884 3216 et
907 3178 1039 3216 consonas
1062 3162 1099 3216 sit
1117 3162 1276 3218 discrimen.

154 3249 224 3302 Nam
254 3249 282 3302 in
310 3249 353 3303 his
378 3250 501 3304 versibus
522 3237 548 3303 a
566 3255 610 3303 ter
633 3248 750 3317 positum
776 3250 821 3303 vix
845 3251 1028 3305 animadverti
1051 3267 1118 3320 prae
1144 3259 1277 3320 quattuor

155 3325 257 3403 illis'x‘,
281 3330 409 3404 quae'ad
434 3344 571 3392 scutorum
595 3336 712 3391 sonitum
741 3337 950 3406 significandum
979 3341 1100 3394 maxime
1128 3341 1277 3396 videantur

155 3425 256 3480 idonea
276 3442 344 3491 csse,
364 3425 424 3494 quis
443 3443 545 3495 negare
564 3426 632 3480 velit
650 3443 704 3481 non
724 3426 811 3481 video.

246 3517 265 3582 ¹)
283 3514 362 3569 Senis
380 3515 491 3569 musicis
512 3532 559 3569 eas
574 3516 682 3570 vocales
702 3516 790 3571 elatas
806 3533 866 3571 esse
880 3535 960 3572 nemo
974 3518 1096 3586 negabit,
1116 3519 1164 3586 qui
1179 3521 1276 3587 quanti

155 3605 184 3657 in
203 3609 262 3658 arte
282 3603 386 3658 musica
405 3605 535 3658 momenti
554 3605 663 3658 vocales
682 3605 750 3672 sint,
774 3608 818 3661 vel
842 3607 932 3661 obiter
950 3608 1115 3675 cognoverit.
1154 3610 1208 3663 Sed
1233 3610 1277 3663 cui

156 3692 350 3762 pronuntiandi
370 3693 499 3747 varietati
523 3693 630 3748 vocales
650 3694 784 3749 obnoxiae
803 3696 858 3750 sint
881 3696 909 3749 in
929 3702 989 3750 arte
1013 3697 1118 3751 musica
1137 3697 1195 3752 sive
1216 3715 1276 3753 car·

156 3783 258 3835 minum
274 3782 493 3837 sententias'sive
504 3782 648 3837 verborum
663 3782 892 3852 significationem
906 3784 1030 3853 respicis,
1043 3803 1077 3840 ex
1090 3786 1151 3855 ipsa
1165 3795 1276 3843 nostrae

156 3871 255 3925 aetatis
275 3876 334 3925 arto
354 3871 457 3925 musica
477 3872 583 3927 discere
605 3872 677 3938 licet,
698 3874 861 3941 praesertim
882 3892 897 3928 e
917 3874 1084 3928 canticorum
1105 3877 1275 3931 ecclesiasti·

156 3977 249 4013 corum
269 3961 447 4014 cantatione·
472 3961 545 4029 Quas
564 3961 733 4016 subtilitates
754 3963 837 4017 etiam
857 3963 969 4018 Graecis
993 3970 1072 4018 notas
1095 3964 1189 4031 fuisse,
1214 3966 1275 4034 quis

156 4065 258 4117 negare
286 4049 405 4116 poterit?
451 4050 488 4102 Et
515 4050 543 4103 id
567 4067 676 4119 semper
704 4057 832 4106 teneatur
858 4069 971 4107 necesse
1001 4059 1055 4119 cst,
1083 4053 1112 4106 in
1141 4054 1276 4109 eiusmodi

156 4137 362 4207 quaestionibus
381 4145 473 4194 nostro
493 4140 585 4193 sensui
604 4158 657 4195 uon
677 4140 790 4194 nimium
810 4140 876 4194 fidei
896 4143 1052 4197 habendum
1073 4159 1140 4197 esse.
