2864 4770
624 299 663 364 15

79 501 225 544 versuum
247 478 453 542 iambicorum
476 477 609 553 fines-3
632 459 693 541 lioc
717 479 794 542 satis
819 484 866 542 est
890 480 931 542 ad
950 479 1064 541 minum
1082 477 1201 542 facien-

79 586 197 672 duml)

168 692 234 756 Eae
266 692 349 756 enim
382 691 521 774 syllabae
554 713 676 775 semper
708 693 789 755 ictus
817 693 846 754 vi
876 692 922 754 ita
949 691 1135 765 efferuntur,
1167 697 1203 754 ut

79 800 157 864 satis
176 799 279 862 valido
303 803 414 863 sonent
437 799 478 862 ad
502 800 611 862 ludum
635 797 842 862 efficiendum.
879 798 917 862 Id
937 820 1009 862 vere
1028 797 1069 862 ad
1088 798 1203 861 rimum

79 905 260 970 faciendum
284 927 361 988 opus
385 927 452 970 esse
470 906 605 981 videtur,
629 911 665 970 ut
689 904 812 989 syllaba
834 906 898 969 ictu
918 911 1024 969 crecta
1042 906 1203 968 continea-

79 1019 133 1076 tur
155 1012 290 1097 ludus.²)

169 1106 276 1184 Rifflos
300 1119 467 1184 intestinos
486 1156 529 1166 -
548 1140 601 1183 eos
625 1119 705 1195 dico,
729 1140 808 1200 quos
831 1140 888 1183 nos
911 1118 1037 1182 nomine
1058 1118 1203 1181 Bianori-

79 1227 174 1289 reime
201 1226 361 1308 appellare
390 1227 606 1290 consuevimus
631 1226 881 1309 -plerumque
908 1227 942 1288 in
970 1227 1107 1289 caesuris
1135 1245 1203 1288 esse

79 1332 202 1414 positos
221 1352 351 1414 eamque
370 1332 410 1396 ob
429 1353 556 1397 causam
574 1354 675 1414 usquc
688 1337 835 1396 naturam
849 1331 1039 1396 contrariam
1054 1330 1203 1394 exhibere

80 1440 135 1514 eis,
167 1439 223 1520 qui
250 1460 307 1521 per
334 1438 489 1503 clausulas
517 1460 662 1503 versuum
689 1437 782 1514 fiunt,
814 1426 958 1521 pluribus
985 1437 1204 1521 explicandum

81 1566 149 1609 esse
172 1567 235 1609 non
259 1565 378 1610 censeo.

171 1650 233 1714 Sed
266 1653 329 1715 iam
357 1653 531 1728 videamus,
564 1653 617 1736 qui
646 1652 710 1716 sint
737 1653 770 1716 in
798 1653 865 1716 eius
894 1653 924 1714 in
954 1674 1017 1734 ilua
1044 1672 1205 1716 versamur

80 1757 209 1822 fabulae
233 1757 374 1824 diverbio
398 1780 505 1823 versus
529 1750 753 1842 ὁμοτὲλευτοι.

172 1863 425 1929 Consentaneum
457 1870 506 1930 est
537 1866 630 1948 longe
657 1866 828 1947 plurimum
855 1865 960 1929 valere
989 1886 1026 1928 ea
1054 1865 1204 1946 exempla,

81 1994 164 2054 quae
187 1973 311 2054 saepius
334 1971 418 2035 binis
442 1972 596 2048 versibus,
624 1972 720 2036 semel
742 1972 846 2036 tribus
870 1972 982 2036 similis
1006 1972 1108 2034 exitus
1132 1993 1204 2034 con-

81 2078 233 2142 tinentur.
271 2078 382 2162 Neque
401 2080 484 2143 enim
503 2079 636 2162 cogitari
653 2085 760 2161 potest
779 2079 933 2143 eiusmodi
954 2099 1098 2142 versuum
1118 2077 1205 2140 nullo

83 2205 175 2248 versu
198 2185 384 2268 interposito
408 2191 627 2268 separatorum
650 2186 842 2268 singularem
865 2190 1011 2249 naturam
1035 2185 1205 2249 histriones

81 2291 284 2373 praeterisse,
317 2291 372 2356 sed
404 2291 640 2375 probabilitatis
672 2293 809 2374 speciem
837 2297 886 2356 sat
913 2312 1060 2373 magnam
1087 2290 1206 2355 habere

82 2399 317 2463 concedendum
349 2404 410 2475 cst,
443 2420 496 2462 eos
528 2400 561 2462 in
594 2399 766 2464 recitandis
794 2419 940 2463 versuum
972 2398 1120 2462 clausulis
1152 2398 1207 2472 eis,

81 2526 165 2586 quae
188 2506 306 2570 eisdem
329 2505 444 2570 litteris
467 2505 571 2570 factae
594 2510 681 2581 sunt,
704 2505 928 2589 aequalitatem
951 2504 1035 2568 vocis
1058 2525 1134 2568 sono
1159 2505 1205 2566 in—

82 2612 212 2676 dicasse.
263 2611 300 2676 ld
332 2613 418 2694 quod
446 2613 604 2676 nonnullis
631 2613 708 2676 locis
737 2611 964 2677 sententiarum
991 2610 1147 2692 gravitate
1176 2615 1207 2674 et

82 2717 254 2782 verborum
277 2717 512 2802 magnificentia
535 2741 598 2783 non
621 2725 687 2783 tam
711 2719 862 2794 excusari,
886 2740 980 2800 quarm
1003 2716 1142 2800 flagitari
1160 2715 1205 2778 vi·

82 2824 187 2900 debis,
224 2846 294 2889 cum
326 2825 451 2908 singula
483 2848 628 2892 versuum
661 2826 750 2909 paria
783 2824 1024 2899 examinaveris,
1061 2844 1141 2904 quae
1175 2825 1204 2885 in

84 2931 213 3014 Septem
236 2937 347 2996 contra
369 2931 495 2997 Thebas
519 2939 605 2996 sunt:

174 3037 363 3121 Saepissime
391 3037 611 3103 difficillimum
639 3060 720 3115 esse,
748 3038 931 3122 singillatim
956 3056 1124 3118 exponere,
1153 3058 1207 3100 cuir

83 3145 149 3208 sint
172 3145 205 3208 in
228 3146 282 3220 eis,
306 3144 476 3227 inquibus
500 3149 573 3209 sunt
596 3146 682 3221 locis,
707 3166 813 3209 versus
835 3144 942 3208 rimati
961 3142 1010 3206 vel
1028 3142 1133 3225 potius
1152 3163 1208 3206 cur

177 3322 195 3387 ¹)
218 3322 359 3376 Interdum
388 3338 469 3376 tunam
493 3321 615 3376 vocalem
638 3321 707 3375 satis
731 3335 791 3375 esse
815 3321 850 3374 ud
873 3319 972 3374 rimum
995 3317 1153 3372 faciendum
1178 3317 1206 3371 in

83 3412 137 3464 hoc
156 3426 258 3478 genere
277 3409 391 3465 metrico
410 3409 535 3464 videmus
554 3411 675 3478 Theogn.
696 3411 721 3475 2,
741 3427 765 3463 v.
785 3409 837 3483 478
857 3409 908 3474 (ed.
928 3408 1028 3475 Bergk.
1049 3424 1074 3476 p.
1095 3408 1170 3465 etet:

345 3491 410 3552 odes
430 3517 456 3552 τι
476 3493 531 3568 γὰρ
551 3493 639 3566 νήφω,
658 3497 662 3562 Ι
679 3490 744 3552 οὔτε
764 3497 825 3566 λίην
844 3490 953 3563 μεθύω,

84 3603 139 3654 quo
158 3585 187 3640 in
202 3602 282 3641 versu
301 3587 417 3641 fortasse
436 3586 616 3641 hiatns'satis
634 3602 651 3639 a
666 3585 834 3655 Theognidis
849 3602 899 3639 usu
914 3584 1046 3639 recedens
1061 3585 1113 3638 hoe
1128 3583 1207 3638 modo

84 3674 223 3744 explicari
242 3681 341 3745 potest,
361 3681 392 3730 ut
410 3692 497 3744 pausa
516 3675 578 3729 rimi
598 3674 772 3744 percipiendi
791 3690 874 3729 causa
888 3673 964 3728 facta
979 3689 1040 3728 eum
1055 3672 1207 3727 occultasse

84 3762 204 3818 dicatur.

176 3853 197 3919 ²)
224 3852 306 3920 Apud
339 3852 476 3907 0tfridum
510 3868 618 3921 quoque
646 3852 952 3920 Weissenburgensem‚
986 3848 1208 3918 antiquissimum

84 3947 240 3996 nostrorum
259 3948 402 4010 poetarum
423 3958 527 4008 eorum,
553 3941 600 4010 qui
619 3957 713 3996 versus
732 3940 845 3995 rimatos
865 3944 1088 4009 composuerunt,
1113 3935 1207 3991 termi-

84 4030 226 4085 nationem
245 4030 331 4085 solem
350 4046 431 4100 posse
450 4031 544 4086 facere
564 4032 662 4085 rimnm
682 4037 775 4084 notum
795 4035 845 4084 est.
888 4029 921 4084 cf.
942 4046 965 4082 v.
986 4031 1032 4082 tto:

130 4119 159 4175 ui
179 4118 256 4175 thari
272 4135 336 4175 man
355 4121 406 4176 daz
425 4122 495 4176 euch
514 4120 638 4175 redinon
657 4120 721 4175 thaz
742 4117 848 4174 kriechi
868 4118 896 4175 in
915 4119 977 4173 thes
996 4116 1162 4185 gividaron.
