2864 4770
629 259 681 332 '55

144 443 268 506 uelbb:
293 461 443 508 σπεσπε

211 541 392 635 Μεγαρεὺς,
414 551 584 636 Κρέοντος
608 552 747 638 σπέρμα,
771 561 833 618 τοῦ
858 561 1018 637 σπαρτῶν
1041 552 1168 636 γένους,

145 678 170 720 v.
190 655 264 721 521.
283 657 363 721 522:
386 675 432 722 c:
454 674 473 723 σ
494 657 508 745 {3
528 675 573 740 οφ
598 659 675 744 (duo
698 660 795 725 verba
817 660 933 745 prima)
958 660 979 745 ).

143 787 169 827 v.
189 763 267 828 566:
293 780 417 829 σισπι

208 872 329 955 πατρίς
351 893 387 935 τε
410 883 497 954 γαῖα,
522 880 579 957 σῆς
602 863 669 936 ὑπὸ
695 873 843 958 σπουδῆς
868 873 949 957 δορί.

142 993 169 1040 v.
191 977 270 1042 785:
296 994 420 1043 σισπε

208 1079 307 1161 πόλις
331 1084 515 1150 σέσωσται·
539 1085 708 1165 βασιλέοιν
733 1078 766 1149 δ’
791 1079 1021 1170 ὁμοσπόροιν.
1097 1155 1100 1160 ,

142 1214 168 1254 v.
189 1191 378 1256 797-799:
404 1208 444 1256 στ
464 1190 478 1254 l:
498 1208 650 1276 στρτσφ
672 1192 688 1278 l:
708 1209 828 1257 σκιστ

579 1350 641 1362 ...
667 1296 699 1362 οἱ
724 1292 757 1364 δ’
781 1296 955 1364 ἐπιστάται

211 1396 315 1469 decoci
339 1397 513 1491 στρατηγώ
538 1405 690 1490 διέλαχον
715 1402 918 1491 σφυρηλάτῳ

208 1507 331 1593 Σκύθῃ
355 1507 480 1597 σιδήροι
505 1564 511 1575 .
533 1565 567 1576 ..

189 1618 344 1695 Quoniam
366 1624 511 1702 apertum
535 1624 583 1684 est
608 1620 792 1702 praevalere
820 1640 942 1703 semper
969 1642 1080 1685 sonum
1102 1620 1217 1704 prioris

93 1747 136 1790 ex
159 1724 282 1790 duabus
309 1724 435 1802 litteris,
462 1746 543 1809 quae
570 1747 679 1791 vocem
705 1726 867 1809 incipiant,
895 1726 945 1792 his
973 1728 1071 1810 igitur
1098 1714 1218 1792 locine

91 1832 224 1896 litterae
251 1852 362 1896 sonum
389 1853 441 1896 eas
469 1853 550 1915 quae
579 1839 752 1916 sequantur
779 1853 941 1916 superare,
974 1855 1044 1897 eam
1075 1834 1216 1916 regulam

93 1939 131 2001 in
152 1937 224 2001 aliis
247 1958 372 2020 quoque
395 1939 539 2004 consonis
561 1944 647 2004 reete
671 1940 759 2024 sequi
782 1939 860 2003 mihi
883 1939 1023 2017 videbar,
1046 1946 1082 2004 ut
1103 1941 1217 2023 prioris

92 2050 220 2109 tantum
247 2045 348 2127 partis
376 2045 532 2110 rationem
559 2045 716 2111 haberem.
767 2045 862 2110 Modo
894 2047 977 2112 hano
1003 2048 1097 2110 modo
1129 2047 1217 2110 illam

92 2151 189 2216 modo
212 2156 379 2234 utramque
398 2172 566 2217 consonam
584 2152 845 2218 considerandam
863 2175 931 2218 esse
953 2158 1081 2237 praeter
1099 2153 1215 2219 Kerob-

91 2257 230 2339 bofptnm
252 2278 343 2322 nemo
366 2259 514 2341 cuiquam
536 2261 653 2324 audeat
675 2260 874 2343 persuadere.

184 2364 324 2430 Litteras
347 2386 413 2441 eas,
441 2385 522 2446 quae
549 2385 677 2448 prorsus
705 2367 850 2432 coaluere
878 2388 917 2430 ex
940 2365 1063 2431 duabus
1086 2354 1217 2448 aliia}

92 2459 123 2551 ξ,
147 2458 183 2553 ρ’),
212 2492 314 2554 neque
337 2471 377 2536 ad
398 2458 431 2550 δ’,
452 2458 533 2552 aa
561 2494 663 2555 neque
691 2474 732 2537 ad
755 2458 781 2537 σ
802 2472 915 2537 referri
943 2478 1099 2555 poterant.
1151 2472 1215 2538 Suo

92 2579 165 2642 loco
188 2578 437 2644 commemorabo
460 2579 588 2644 unicum
609 2579 694 2663 quod
718 2586 822 2645 exstat
844 2580 971 2644 litterae
990 2585 1009 2660 ξ
1032 2580 1215 2662 exemplum.

186 2898 268 2974 Quid
296 2905 379 2963 esset
411 2900 613 2964 iudicandum
640 2900 681 2964 de
708 2898 868 2964 vocabulis
896 2901 954 2977 eis,
986 2920 1066 2982 quac
1094 2905 1150 2964 aut
1178 2921 1216 2964 ex

91 3002 240 3088 pluribus
263 3003 415 3087 stirpibus
434 3007 608 3088 composita
631 3011 686 3070 aut
709 3005 838 3088 syllabis
860 3004 1017 3088 praefixis
1036 3006 1101 3071 sive
1124 3027 1215 3089 prae-

91 3110 305 3194 pcsitionibus
328 3111 393 3176 sire
416 3118 585 3195 augmento
608 3113 673 3178 sive
697 3112 946 3194 reduplicatione
968 3118 1063 3178 aucta
1089 3113 1130 3177 ad
1154 3134 1215 3186 eas,

92 3219 137 3282 de
159 3215 274 3298 quibus
293 3218 436 3299 quaestio
460 3226 508 3283 est
531 3218 654 3284 artibus
673 3226 916 3295 arcesserentur,
939 3220 1002 3283 iam
1026 3240 1121 3301 supra
1144 3218 1215 3282 brc-

92 3325 177 3388 viter
200 3324 344 3388 indicavi.
386 3325 584 3408 Quamquam
605 3345 679 3390 verc
704 3325 789 3410 quod
812 3323 855 3388 ibi
880 3325 956 3401 dixi,
979 3327 1012 3389 in
1035 3325 1215 3389 universum

93 3436 181 3494 recte
204 3451 237 3494 sc
260 3430 378 3495 habere
401 3451 522 3508 censeo,
548 3437 655 3496 tamen
677 3432 847 3496 discrimen
871 3451 939 3496 csse
966 3430 1144 3496 faciendum
1167 3430 1215 3495 in·

92 3535 204 3601 tellexi
226 3536 311 3601 inter
334 3558 372 3601 ea
391 3537 553 3614 vocabula,
577 3559 710 3619 quorum
732 3537 876 3623 partibus
900 3537 1030 3620 singulis
1054 3557 1111 3601 sua
1134 3537 1214 3600 inest

92 3641 142 3707 vis
165 3647 197 3706 et
219 3643 308 3708 notio
332 3649 364 3708 et
390 3642 507 3709 formas
531 3665 597 3720 eas,
625 3665 758 3728 quarum
785 3642 973 3726 significatio
1001 3642 1130 3726 syllabis
1158 3643 1213 3706 ad-

92 3749 214 3814 ditioiis
236 3748 411 3832 paullulrun
433 3751 627 3816 immutatur.
664 3751 701 3815 Id
725 3752 860 3815 maxime
883 3750 969 3815 cadit
992 3750 1025 3813 in
1043 3748 1129 3812 uerbi
1151 3747 1215 3812 for·

92 3875 163 3919 mas
186 3862 355 3940 augmento
378 3856 548 3941 praeditas,
576 3878 709 3939 quarum
735 3857 844 3921 littera
866 3858 969 3940 prima
992 3856 1043 3919 vix
1066 3875 1215 3936 umquam

187 4088 207 4150 ¹)
226 4086 267 4142 ef.
286 4103 348 4158 pag.
368 4088 410 4143 50.
