2864 4770
699 1389 725 1460 Ι.

411 1576 471 1643 De
498 1571 837 1641 homoeoteleutis
865 1564 1012 1652 agitur.

236 1773 505 1864 Ὁμοιοτὲλεύτον
528 1777 671 1841 rhetores
699 1779 804 1859 graeci
827 1777 892 1842 sive
915 1797 1061 1841 versuum
1085 1776 1149 1841 sive
1173 1798 1274 1840 enun-

151 1888 319 1952 tiationum
352 1886 485 1949 similem
518 1884 637 1948 exitum
670 1883 832 1948 nominare
861 1882 1015 1949 solebant.
1065 1882 1206 1961 Quorum
1236 1905 1274 1947 ex

151 1995 242 2058 libris
265 2014 336 2058 cum
359 1993 436 2057 satis
455 1996 624 2068 constaret,
647 2013 686 2056 ne
706 2010 775 2054 cam
794 1991 922 2074 quidem
940 1990 1082 2073 poeticae
1100 1991 1179 2055 artis
1198 2011 1273 2072 par-

151 2108 214 2166 tem
237 2099 396 2165 veteribus
423 2098 564 2180 ignotam
593 2097 703 2174 fuisse,
730 2099 854 2180 saepius
878 2098 941 2162 iam
964 2098 997 2161 in
1021 2118 1089 2162 eam
1112 2099 1274 2180 quaestio-

151 2229 223 2272 nem
246 2206 430 2289 inquisitum
454 2211 515 2282 est,
539 2205 652 2287 quibus
676 2204 891 2268 contineretur
914 2202 1030 2268 finibus
1053 2207 1206 2268 rimorum
1233 2244 1271 2251 —-

151 2320 188 2378 ut
211 2314 270 2378 hoc
293 2311 388 2376 medii
412 2313 481 2376 aevi
504 2310 654 2377 vocabulo
676 2310 725 2374 uti
743 2310 823 2373 mihi
840 2311 934 2375 liceat
955 2333 1097 2376 —usus
1134 2311 1274 2375 Maxime

151 2422 234 2504 apud
254 2420 427 2484 Homerum
445 2439 591 2482 versuum
614 2415 774 2482 clausulae
792 2417 931 2481 eiusdem
945 2418 1186 2483 *terminationis
1204 2419 1274 2482 ani-

151 2528 346 2600 madversae,
375 2525 538 2601 collectae,
561 2524 720 2589 iudicatae
744 2530 829 2587 sunt:
857 2525 949 2607 plura
972 2525 1105 2590 fortasse
1129 2526 1275 2608 exempla

151 2640 278 2697 exstant
301 2632 385 2715 apud
405 2632 574 2714 elegiarum
593 2636 711 2712 poetas
734 2631 882 2712 quoniam
901 2651 993 2715 pares
1011 2632 1095 2696 inter
1113 2654 1147 2696 se
1165 2638 1275 2715 partes

151 2761 258 2804 versus
286 2739 477 2821 pentametri
504 2737 597 2801 facile
624 2736 747 2820 syllaba
774 2744 914 2801 extrema
938 2744 1109 2803 consonant
1132 2739 1181 2802 vel
1205 2739 1274 2803 sine

151 2847 249 2930 ipsius
278 2850 390 2928 poetae
417 2849 494 2908 arte.
540 2843 621 2907 Nam
650 2844 682 2908 id
710 2863 785 2908 saue
812 2864 905 2908 nemo
933 2845 1008 2909 dum
1036 2847 1275 2922 demonstravit,

151 2955 191 3017 de
214 2952 371 3017 industria
393 2957 503 3034 poetas
526 2972 597 3014 eum
615 2949 807 3034 syllabarum
825 2958 1010 3016 concentum
1028 2951 1240 3034 quaesivisse..

240 3057 287 3123 Ao
309 3079 349 3122 ne
373 3079 430 3140 ego
455 3058 582 3140 quidem
605 3063 725 3121 certum
748 3049 916 3121 artificium
940 3058 1042 3123 inesse
1066 3059 1275 3124 existimarim

151 3169 183 3230 iu
208 3165 362 3230 eiusmodi
386 3163 589 3230 concentibus
613 3163 835 3228 vocabulorum
859 3185 961 3248 neque
985 3186 1037 3230 eos
1060 3168 1275 3231 revocaverim

151 3273 193 3336 ad
211 3276 381 3355 praecepta
399 3277 455 3334 aut
474 3269 715 3335 consuetudines
734 3275 907 3351 poetarum,
931 3273 987 3336 sed
1005 3273 1185 3355 negaverim
1203 3279 1275 3338 tau-

152 3382 219 3441 tum
241 3377 324 3442 forte
347 3376 487 3442 oblatam
511 3377 749 3442 similitudinem
772 3397 920 3441 sonorum
938 3384 1049 3461 poetas
1068 3380 1224 3463 sprevisse
1244 3389 1276 3446 ot

151 3485 333 3567 repudiasse
360 3485 401 3549 ad
429 3485 604 3549 sententiae
628 3485 690 3546 vim
719 3482 924 3560 efferendam,
952 3487 994 3549 ad
1022 3486 1276 3552 enuntiationum

152 3591 396 3655 concinnitatem
420 3591 649 3667 ostentandam,
676 3591 811 3672 denique
834 3591 875 3654 ad
898 3591 1097 3674 splendorem
1120 3594 1276 3659 orationis

152 3698 292 3780 tragicae
315 3699 502 3779 augendum.
528 3735 566 3744 -——
592 3695 694 3778 Saepe
716 3696 789 3760 rimi
813 3697 858 3760 eis
882 3697 958 3762 locis
981 3703 1115 3776 exstant,
1138 3703 1194 3782 qui
1218 3724 1277 3784 per

152 3802 414 3887 antistrophioam
437 3805 671 3888 responsionem
695 3824 787 3885 pares
811 3804 894 3867 inter
917 3825 950 3868 se
973 3810 1054 3869 sunt.
1097 3805 1212 3883 Quales
1238 3829 1276 3871 ex

154 3911 296 3994 Aeschyli
321 3910 437 3974 fabulis
460 3911 588 3993 collegit

240 4017 389 4081 Kicblics
402 4020 435 4082 in
449 4018 670 4101 Mnemosynae
684 4018 759 4083 anni
774 4016 1022 4082 ololoooonll
1041 4041 1070 4102 p.
1088 4020 1153 4084 202
1167 4021 1276 4086 hosce:

153 4122 325 4209 (Dindorfii
348 4146 495 4189 numeros
518 4127 566 4189 ed.
589 4125 618 4191 V
641 4131 807 4207 poetarum
830 4126 1043 4190 scaenicorum
1066 4127 1203 4214 sequor.)
