2864 4770
166 1449 313 1532 Plerique
338 1471 453 1526 eorum,
477 1451 531 1532 qui
555 1451 731 1521 novissimis
752 1451 950 1534 temporibus
967 1452 1030 1515 arti
1048 1452 1197 1518 metricae

77 1578 208 1640 operam
240 1556 408 1632 dederunt,
441 1556 488 1620 ita
515 1557 548 1620 in
576 1579 614 1620 ea
642 1558 757 1621 versati
786 1565 872 1633 sunt,
905 1564 941 1621 ut
969 1558 1092 1641 legibus
1119 1562 1198 1625 artis

77 1662 216 1728 musicae
244 1663 302 1738 eis,
329 1683 410 1745 quae
437 1663 532 1728 hodie
555 1664 674 1740 valent,
701 1664 742 1729 ad
770 1665 910 1728 earmina
937 1665 1035 1747 lyrioa
1057 1673 1198 1730 veterum

77 1771 187 1834 relatis
210 1791 337 1853 prorsus
361 1770 426 1834 fere
449 1770 652 1852 neglegerent
675 1771 858 1835 discrimina
875 1771 931 1835 illa
949 1772 1094 1848 maxima,
1117 1795 1198 1854 quae

78 1877 162 1940 inter
198 1882 364 1958 utramque
401 1883 503 1941 artem
540 1878 690 1942 interesse
723 1898 830 1942 omnes
861 1879 958 1960 periti
990 1879 1197 1943 consentiunt.

78 1983 162 2048 Huie
184 1983 255 2047 illos
277 1983 513 2066 praeiudicatae
538 1985 678 2066 opinioni
701 1984 846 2049 addictos
869 2006 926 2066 per
948 2007 982 2049 se
1001 1985 1198 2067 intellegitur

78 2089 167 2153 illam
194 2090 393 2173 disciplinam
421 2092 455 2153 in
481 2091 598 2154 multos
625 2110 741 2172 eosque
769 2097 819 2155 sat
846 2113 956 2174 graves
980 2111 1102 2156 errores
1124 2113 1197 2174 per-

79 2197 218 2261 duxisse:
243 2197 358 2260 etenim
382 2197 506 2262 etiamsi
529 2203 631 2261 artem
652 2199 803 2262 musicam
821 2203 1003 2263 nostrorum
1021 2205 1197 2280 temporum

80 2305 197 2367 eisdem
224 2324 353 2386 prorsus
376 2304 499 2387 legibus
523 2304 690 2370 obnoxiam
715 2327 781 2369 esse
804 2311 900 2387 atque
923 2311 1024 2370 artem
1048 2307 1198 2370 musicam

80 2415 220 2475 veterum
243 2411 401 2493 ponimus,
424 2411 458 2475 id
481 2412 566 2492 quod
590 2433 762 2493 numquam
786 2412 914 2476 concedi
937 2413 1068 2493 poterit,
1091 2418 1197 2476 tamen

78 2541 116 2582 ea
147 2539 270 2599 semper
302 2524 444 2582 remanet
476 2518 632 2600 quaestio,
664 2519 800 2600 primum
828 2541 909 2600 quae
937 2518 1034 2582 fuerit
1060 2520 1107 2583 1111
1137 2541 1197 2583 non

77 2624 272 2708 singulorum
296 2624 463 2689 verborum
491 2624 604 2701 selum,
631 2625 687 2690 sed
716 2625 812 2690 etiam
834 2626 1052 2689 universarum
1073 2626 1107 2688 in
1130 2647 1198 2690 eur-

77 2731 215 2796 minibus
242 2730 348 2814 lyricis
377 2732 643 2808 enuntiationum,
671 2732 784 2796 deinde
813 2732 867 2814 qui
890 2730 959 2796 fieri
982 2734 1135 2815 potuerit,
1163 2738 1199 2796 ut

77 2839 172 2902 simul
204 2861 275 2904 eum
307 2859 383 2903 sono
416 2838 606 2904 chordarum
638 2838 850 2922 tibiarumque
877 2838 1008 2904 auribus
1035 2846 1067 2902 et
1094 2843 1199 2902 mente

76 2947 293 3029 perciperetur
321 2945 496 3011 sententiae
523 2946 622 3028 ipsius
649 2966 771 3010 summa
796 2946 982 3030 plerumque
1004 2946 1143 3026 gravitas
1166 2951 1199 3008 et

77 3050 262 3128 difficultas,
291 3051 404 3135 quibus
432 3051 527 3116 rebus
550 3058 677 3117 nostrae
700 3054 815 3116 aetatis
838 3054 949 3116 drama
970 3053 1136 3126 musionm,
1164 3056 1199 3113 ut

77 3161 125 3225 ita
149 3161 261 3235 dinam,
284 3180 384 3241 aeque
406 3165 568 3241 praestare
593 3159 644 3221 vix
668 3160 832 3242 quisquam
856 3158 1034 3223 contendat.

168 3265 320 3330 Errorum
342 3265 467 3336 illorum
490 3287 553 3330 non
571 3266 718 3329 minimus
737 3265 764 3328 is
783 3270 840 3340 est,
864 3265 948 3349 quod
965 3285 1095 3347 prorsus
1113 3264 1198 3346 pari-

77 3374 138 3438 bus
165 3373 206 3436 ad
234 3372 385 3455 temporis
412 3373 568 3437 rationem
594 3372 733 3435 numeris
761 3372 934 3458 eomposita
956 3370 1052 3435 fuisse
1076 3370 1200 3452 singula

78 3481 220 3545 ermmina
237 3480 336 3562 lyrica
354 3479 510 3543 dicuntur.
548 3478 597 3541 Ad
622 3479 859 3560 congruentiam
878 3477 1072 3560 singulorum
1092 3498 1199 3540 uume-

78 3608 186 3652 rorum
208 3585 395 3652 servandam
417 3585 466 3650 vel
489 3585 614 3669 saepius
638 3583 837 3649 efficiendam
860 3585 938 3648 artis
956 3583 1106 3648 metrioae
1125 3583 1198 3647 doo-

78 3701 164 3759 teres
191 3715 261 3758 eum
285 3695 317 3757 in
341 3693 544 3775 disponendis
567 3691 759 3756 carminibus
782 3691 954 3756 sententias
977 3690 1018 3754 ab
1043 3690 1128 3752 omni
1151 3689 1199 3752 iu-

78 3799 163 3865 dicio
190 3799 398 3865 abhorrentes
425 3804 647 3881 prompserunt
674 3802 743 3861 tum
766 3799 808 3862 ad
830 3796 1054 3861 audacissimas
1077 3796 1199 3860 oonieo-

78 3915 168 3971 turas
195 3906 410 3989 confugerunt.
456 3905 562 3987 Atque
585 3905 702 3986 singuli
725 3903 764 3968 de
788 3903 919 3986 singulis
943 3902 1134 3967 carminibus
1157 3903 1199 3965 ad

78 4021 147 4078 tam
173 4012 313 4078 diversas
337 4013 421 4077 inter
444 4034 477 4078 se
500 4011 663 4094 opiniones
686 4011 910 4094 pervenerunt,
938 4015 974 4072 ut
997 4009 1048 4072 oui
1070 4008 1199 4073 tandem

77 4121 226 4188 assentiri
258 4121 426 4205 possimus,
459 4120 585 4183 omnino
614 4117 797 4201 ambiguum
825 4118 983 4191 videatur,
1015 4117 1131 4179 nedum
1159 4115 1198 4179 de

1004 4223 1039 4275 1³1⁶
