2872 4784
771 303 813 368 72

321 482 423 547 Huius
455 483 504 548 vel
534 482 646 548 similis
676 481 756 565 legis
788 480 922 564 vestigia
953 479 986 544 in
1019 480 1079 556 eis,
1110 498 1191 562 quae
1224 497 1285 560 ego
1320 497 1360 541 ex

233 587 391 672 Aeschyli
406 588 515 654 fabula
542 609 759 673 congesseram
787 587 937 670 exemplis
964 587 1171 670 indagatmus
1199 584 1285 649 hano
1309 583 1359 647 in-

232 695 322 760 stitui
346 697 628 779 quaestiunculam,
650 702 819 779 postquam
841 692 991 770 intellexi,
1014 695 1047 758 in
1070 693 1251 758 universum
1274 690 1360 756 nihil

234 824 301 868 esse
333 824 495 868 commune
527 803 610 868 inter
641 802 699 868 has
731 808 816 867 artes
850 807 963 884 poetae
997 806 1029 865 et
1064 801 1167 883 ipsam
1197 801 1359 864 rationem

232 909 404 975 metricam.

321 1017 369 1080 Ea
387 1016 555 1081 verborum
571 1017 671 1100 paria,
689 1036 769 1100 quae
787 1015 983 1082 vocibust
935 1020 983 1079 ιιι
985 1016 1104 1097 erposit
1105 1015 1133 1080 is
1090 1012 1360 1089 tdirimuntur‚

232 1124 280 1187 ita
302 1145 360 1189 con
361 1124 493 1206 ttempla
494 1146 529 1188 us
553 1145 636 1200 sum,
662 1130 699 1187 ut
722 1144 920 1208 quaererem,
944 1143 1025 1206 quae
1048 1127 1131 1187 osset
1153 1127 1269 1185 natura
1294 1122 1357 1205 syl-

232 1230 376 1295 labarum
400 1251 516 1307 earum,
539 1231 578 1295 de
601 1229 716 1315 quibus
738 1236 894 1314 ageretur,
917 1235 1025 1294 utrum
1047 1229 1161 1312 longae
1184 1233 1292 1293 essent
1315 1249 1359 1292 an

232 1337 343 1402 breves
366 1336 416 1400 vel
442 1337 548 1420 potius
571 1339 714 1402 utrum
706 1360 739 1401 ιι
762 1339 827 1402 arsi
854 1341 960 1402 essent
985 1338 1107 1420 positae
1130 1357 1172 1400 an
1199 1337 1233 1400 in
1259 1336 1360 1412 thesi,

233 1443 348 1509 deinde
371 1450 478 1507 utrum
500 1450 632 1510 accentu
654 1449 841 1509 notarentur
864 1466 903 1508 ιι
931 1465 1003 1509 non.
1050 1443 1149 1509 Omisi
1177 1448 1286 1508 autem
1310 1465 1361 1521 ea,

234 1573 314 1634 quae
336 1551 483 1634 stirpium
506 1551 555 1616 vel
582 1557 723 1616 totarum
745 1573 856 1616 vocum
882 1551 1076 1634 aequalitate
1099 1550 1361 1628 continebantur,

233 1679 272 1721 ιι
296 1659 426 1721 nimiam
450 1659 573 1741 copiam
596 1679 806 1740 congererem.

322 1763 406 1829 Satis
420 1764 518 1829 habui
532 1787 569 1830 ιι
583 1765 727 1848 exempla
739 1765 800 1830 hae
812 1765 936 1829 rationo
951 1766 1063 1830 ductus
1077 1765 1110 1830 in
1124 1771 1227 1830 certas
1241 1765 1362 1830 discri-

233 1871 307 1936 bere
326 1871 455 1937 classes:
481 1893 555 1936 nam
573 1873 637 1936 iam
655 1872 729 1936 inde
749 1873 906 1955 apparuit,
928 1880 1056 1954 poetam
1074 1872 1137 1936 sibi
1154 1893 1362 1957 nequaquam

233 1984 376 2043 constare
399 1999 500 2062 neque
523 1979 587 2044 ullo
610 1981 703 2045 modo
727 1979 920 2063 syllabarum
941 1985 998 2043 ιιι
999 2001 1089 2044 uram
1111 1979 1279 2063 respicere.

322 2085 450 2149 Etenim
476 2088 690 2169 nonagintat
691 2087 740 2150 ria
771 2080 1010 2169 exemplat
945 2086 1010 2152 dist
1011 2086 1165 2151 ribuenda
1196 2090 1335 2152 erant
1323 2112 1360 2193 ιιι

232 2192 317 2257 hunc
339 2193 480 2257 modum:

325 2299 357 2383 1)
382 2298 525 2382 Utraque
556 2298 678 2382 syllaba
705 2305 737 2364 ct
769 2300 813 2364 iot
813 2322 867 2364 um
895 2306 927 2365 ot
954 2304 1119 2365 accentum
1146 2300 1258 2366 habet:
1293 2302 1363 2367 tria

234 2406 390 2490 exempla:

277 2537 304 2578 v.
324 2513 398 2576 264.
420 2508 750 2598 μᾶλλιιεμόρσιμοι.
820 2534 846 2577 ι.
865 2514 939 2577 420.
963 2514 1282 2598 γλῶσσαεγίγνιται.

278 2641 304 2682 v.
324 2620 399 2683 418.
422 2619 693 2702 τῴδεετίκτιτιιι.

324 2725 360 2813 2)
380 2724 523 2809 Utraque
542 2726 663 2809 syllaba
681 2728 787 2803 ictum,
805 2749 869 2793 non
887 2734 1050 2793 accentum
1068 2728 1179 2794 habet:
1202 2736 1362 2813 quattuor

234 2833 391 2917 exempla:

217 2989 219 2992 ⁴
255 2961 282 3003 v
302 2940 352 3004 37.
377 2934 527 3023 insuunt
537 2938 700 3006 πέποιθα
820 2963 846 3006 v
866 2942 941 3006 448
965 2941 1116 3029 ἐχθρῶν.
1126 2943 1299 3030 ἐκπέρσαι.

235 3069 260 3110 v.
279 3046 353 3112 425
377 3027 569 3111 πέποιθας
540 3043 746 3133 ,πυρφόρον
819 3072 846 3114 v.
865 3050 939 3113 514.
963 3053 1218 3135 καλλίπρωροιε
1229 3044 1359 3139 ἀνδρό-

1191 3183 1281 3238 παις.

322 3261 357 3344 3)
381 3260 525 3344 Utraque
548 3261 669 3344 syllaba
692 3268 868 3339 accentum,
894 3286 958 3329 non
981 3267 1009 3329 io
1011 3271 1078 3329 tum
1100 3247 1218 3330 habet-2
1239 3288 1357 3334 novom

234 3368 389 3450 exempla:

278 3497 305 3538 ι.
325 3476 376 3539 77.
399 3470 730 3558 πόλιςιπράσσουσι
820 3500 846 3544 v.
867 3478 940 3542 370.
963 3479 1189 3586 πανσέληνος·
1200 3476 1304 3547 σάκει

277 3603 304 3645 ι.
323 3580 397 3646 253.
421 3578 679 3664 φίλοιςεφόβον.
820 3566 1184 3670 ι,371.1πρὲσβιστοιε
1194 3586 1327 3673 πρέπει,

278 3709 304 3752 v.
324 3687 397 3751 351.
422 3688 648 3774 φίλιιεφέριι.
820 3714 846 3756 v.
865 3694 940 3757 417.
963 3694 1031 3769 τίςε
1041 3692 1167 3777 τρέσας.

277 3816 303 3859 v.
323 3794 397 3860 357.
420 3790 688 3872 πύλαιςιπάλον.
819 3821 846 3863 v.
867 3800 940 3864 797.
963 3795 1321 3885 πόλιιεπράσσουσαν,

277 3925 303 3966 v.
324 3902 398 3967 364.
421 3897 670 3989 μόριιεμάχηι.
694 3897 695 3901 ’
1308 3966 1311 3970 ,

320 4010 356 4091 4)
380 4009 502 4074 Neutra
520 4009 641 4092 syllaba
660 4018 715 4077 ιιιι
733 4013 832 4077 ictum
849 4019 906 4077 aut
927 4020 1090 4078 accentum
1108 4014 1220 4078 habet:
1244 4017 1358 4082 decem

232 4117 389 4199 exempla:
