2864 4770
689 325 734 390 30

240 500 380 578 Quorum
411 500 617 566 artificiorum
649 523 764 586 magna
795 503 885 584 copia
917 508 1021 567 exstat
1057 502 1090 565 in
1127 499 1274 584 partibus

150 605 330 672 fabularum
353 608 468 690 lyricis,
491 628 585 692 saepe
607 608 649 672 ed
673 607 864 673 efferendam
892 608 1080 673 sententiam
1108 607 1274 689 aptissime

152 711 379 790 adhibitorum,
402 719 438 778 ut
461 712 588 798 Septem
611 736 638 778 v.
662 714 727 778 875
751 736 809 798 sq.:

493 835 599 924 διήκει
623 838 659 903 δὲ
682 841 739 904 καὶ
761 834 863 904 πόλιν
888 834 1018 915 στόνος,

402 944 556 1010 στένουσι
578 941 710 1029 πύργοι,
735 944 843 1010 στένει

403 1050 509 1116 πέδον
533 1052 730 1135 φίλανδρον,
752 1064 846 1135 μενεῖ

401 1153 527 1222 κτέανά
549 1151 583 1222 τ’
607 1153 786 1243 ἐπιγόνοις,

153 1283 208 1347 ubi
231 1283 340 1366 stirpis
364 1299 442 1347 στεν
464 1290 529 1347 tres
557 1282 674 1347 formas
702 1283 885 1348 coniunctas
912 1282 954 1347 ad
981 1303 1079 1345 unum
1107 1280 1277 1346 verborum

153 1390 276 1466 ludum,
303 1395 470 1472 praeterea
495 1389 755 1455 allitterationem
778 1384 927 1476 (πόργοιε
949 1387 1071 1474 πέδον)
1099 1396 1132 1453 et
1160 1389 1277 1453 nimum

154 1494 291 1583 (στένεις
318 1497 425 1580 μενεῖ)
449 1517 469 1560 a
494 1502 590 1579 poeta
618 1497 777 1590 cumulata
804 1496 891 1560 vides
923 1495 957 1559 in
983 1494 1087 1560 verbis
1115 1496 1158 1560 ad
1188 1495 1277 1560 chori

155 1603 297 1668 dolorem
320 1604 559 1685 exprimendum
582 1623 645 1667 non
669 1603 735 1667 sine
759 1601 888 1667 consilio
912 1603 1166 1667 accommodatis.

244 1708 457 1792 Anaphoram‚
475 1710 599 1785 nimum,
618 1709 876 1774 allitterationem
903 1709 988 1773 idem
1006 1706 1180 1791 Aeschylus
1205 1730 1279 1783 con-

155 1815 258 1881 iunxit
282 1817 422 1880 eiusdem
445 1814 572 1880 fabulae
595 1838 622 1879 v.
647 1815 711 1880 886
735 1837 794 1898 sq.:

413 1934 675 2023 σιδαρόπλακτοι
697 1940 758 2024 μὲν
782 1928 846 2004 ὧδ’
866 1934 1009 2022 ἔχουσιν,

414 2040 676 2131 σιδαρόπλακτοι
700 2046 736 2111 δὲ
759 2036 838 2122 τούς
860 2044 1030 2128 μένουσιν,

414 2145 490 2237 τάχ’
514 2147 556 2218 όν
579 2177 629 2230 τις
652 2153 741 2218 εἴποι
763 2154 862 2232 τίνες,

413 2254 737 2344 calceamentorum
761 2262 865 2344 λαχαί.

245 2383 306 2449 Sed
334 2405 374 2448 ne
400 2385 494 2450 nimis
522 2390 672 2449 anostra
694 2387 857 2468 proposito
880 2384 1071 2462 aberremus,
1097 2405 1150 2449 eos
1174 2385 1280 2450 diver-

157 2491 280 2557 biorum
302 2490 396 2567 leuce,
419 2491 451 2555 in
471 2491 584 2576 quibus
603 2490 777 2575 Aeschylus
796 2492 1021 2576 coniungendis
1043 2496 1099 2557 aut
1122 2491 1281 2556 similibus

77 2638 84 2648 ·
157 2598 242 2662 inter
255 2619 289 2662 se
303 2603 359 2662 aut
377 2596 507 2679 paribus
521 2596 626 2663 verbis
641 2598 777 2663 orationi
791 2598 951 2663 ornandae
965 2598 1083 2674 studet,
1102 2597 1281 2664 afferemus.

246 2701 336 2768 Idem
362 2702 493 2768 verbum
519 2701 569 2768 bis
600 2705 730 2785 ponitur
757 2705 934 2769 sententiae
965 2706 1156 2787 premendae
1183 2726 1282 2771 causa

158 2807 281 2875 duobus
312 2808 446 2873 diverbii
477 2809 569 2874 loeis:
601 2831 628 2874 v.
653 2809 732 2886 631,
760 2810 825 2874 633
854 2816 887 2875 et
917 2833 944 2876 v.
971 2811 1065 2887 1026,
1096 2811 1190 2887 1027,
1226 2813 1281 2894 qui

158 2922 265 2982 temen
287 2915 462 3000 paullulum
484 2914 524 2980 ab
547 2916 727 2999 anaphoras
750 2921 866 2982 natura
888 2919 1049 2982 recedunt.
1060 2916 1086 3003 ²)

248 3022 395 3087 Studium
423 3023 583 3104 quoddam
612 3023 706 3087 huius
736 3021 857 3106 figurae
888 3023 1061 3108 Aeschylus
1092 3026 1202 3107 prodit
1236 3027 1282 3091 eis

159 3130 249 3207 locis,
281 3128 393 3214 quibus
425 3134 481 3194 aut
514 3129 653 3196 eiusdem
679 3129 768 3195 verbi
800 3137 856 3195 aut
887 3131 996 3213 stirpis
1023 3131 1106 3196 duae
1133 3131 1182 3196 vel
1214 3137 1282 3198 tres

159 3236 266 3302 vanae
288 3237 409 3302 formae
432 3237 674 3320 coniunguntur,
696 3239 733 3299 ut
755 3235 805 3301 his
828 3237 941 3320 viginti
965 3237 1103 3319 quinque
1126 3236 1217 3302 locis:

319 3365 345 3408 v.
372 3341 443 3407 175.
468 3335 578 3408 αότοὶε
604 3335 725 3408 αὐτῶν.

318 3472 346 3513 v.
370 3450 444 3515 200.
467 3454 576 3515 θεῶνε
601 3445 712 3527 θεούς.

321 3577 347 3620 v.
372 3557 445 3621 228.
469 3557 543 3620 229.
568 3547 696 3620 cixodro:
720 3548 905 3621 ἀκούουσαι
930 3549 1041 3622 dacus.

320 3683 346 3724 v.
371 3662 443 3726 244.
467 3657 618 3746 τόχισταε
640 3657 733 3745 τάχα.

320 3790 347 3831 v.
372 3767 444 3831 245.
469 3770 542 3834 246.
567 3768 716 3853 σλγησονε
741 3776 831 3852 σιγῶ.

320 3895 347 3938 v.
372 3874 445 3938 249.
470 3873 542 3941 250.
567 3869 679 3957 sdyov:
704 3867 887 3959 εὐγμάτων.

253 4056 272 4117 l)
290 4052 364 4106 Loco
387 4050 478 4122 priore
506 4050 624 4105 fortasse
652 4064 713 4104 cum
737 4050 890 4105 Ritschelio
913 4051 1045 4121 (opuscul.
1065 4051 1150 4107 voll
1173 4071 1200 4123 p.
1219 4056 1284 4122 320)

163 4140 290 4194 mendum
310 4139 398 4195 latere
417 4139 573 4209 suspiceris.
