2864 4770
797 305 839 368 36

348 487 381 549 in
405 483 560 550 Sehildes
584 484 677 547 Mitte
701 482 844 548 strahlot
867 483 967 548 heller
991 483 1290 549 Vollmondsohein

260 594 400 658 odiosam
423 593 511 658 illam
533 590 703 674 imaginem
726 591 905 673 depingere.
952 590 1014 656 Sed
1038 591 1071 655 in
1094 613 1187 656 versu
1211 592 1277 656 376

429 690 493 762 τίν’
517 690 701 778 ἀντιτάξεις
724 697 824 782 τῷδες
846 697 897 774 τίς
920 698 1069 782 Προίτου
1091 702 1211 762 πυλῶν

259 794 410 871 {littera
436 811 548 888 quater
576 805 782 887 pronuntiata
809 804 1090 888 interrogationem
1113 805 1377 870 vehementiorem

259 912 329 978 fieri
351 912 555 977 manifestum
579 918 635 976 est.

349 1019 387 1083 In
411 1017 553 1086 versibus
577 1017 642 1083 580
666 1023 698 1083 et
720 1016 784 1082 581

795 1178 856 1190 ...
882 1119 1011 1210 ὁμιλίας
1034 1133 1138 1211 κακῆς

483 1228 603 1298 κάκιον
627 1225 738 1312 οὐδέν,
761 1224 891 1318 καρπὸς
915 1226 956 1297 ori
979 1231 1154 1316 κομιστέος

260 1340 353 1406 ludus
381 1339 546 1405 verborum
574 1347 691 1426 κακῆςι
714 1335 835 1405 κάκιον
864 1339 993 1404 effertur
1025 1338 1087 1404 bis·
1102 1341 1241 1422 repetita
1274 1341 1379 1406 littera

261 1435 289 1511 a
306 1454 403 1529 atque
425 1447 512 1512 haud
531 1448 596 1513 seio
614 1469 655 1512 an
674 1447 737 1512 dici
756 1448 855 1530 possit
874 1448 1117 1530 comparationis
1135 1446 1202 1512 eius
1225 1447 1379 1512 rationem

261 1553 471 1620 difficiliorem
497 1555 660 1622 intellectu
683 1556 825 1621 excusari
852 1556 989 1638 quodam
1016 1555 1109 1619 modo
1137 1555 1243 1620 studio
1272 1554 1379 1620 simili·

261 1662 382 1727 tudinis
406 1663 484 1728 soni.

351 1768 452 1834 Versu
477 1770 560 1834 1017
586 1769 746 1853 Antigona
772 1769 893 1835 animos
917 1789 989 1834 suos
1016 1768 1189 1851 alloquitur
1216 1768 1267 1834 his
1290 1790 1378 1853 prae·

262 1874 354 1941 elaris
378 1875 496 1941 verbis:

444 1975 559 2068 τοιγὰρ
583 1976 724 2049 θέλουσ’
749 1977 868 2048 ἄκοντι
891 1978 1050 2048 κοινώνει
1072 1990 1200 2062 κακῶν,

262 2090 375 2172 quibus
399 2091 517 2173 optime
539 2090 701 2172 Antigona
727 2091 913 2174 pronuntiat
940 2112 973 2156 se
1000 2111 1129 2174 prorsus
1157 2091 1291 2155 eandem
1313 2110 1380 2155 oum

262 2196 409 2281 Polynice
432 2196 593 2261 fortunam
614 2197 682 2280 pati
706 2197 793 2262 velle.

351 2305 422 2382 Qua
443 2305 643 2386 potissimum
665 2304 699 2368 in
721 2325 756 2368 re
778 2306 884 2388 posita
905 2307 948 2369 sit
970 2304 1137 2387 singularis
1162 2304 1276 2368 talium
1300 2304 1380 2370 loeo-

262 2432 332 2474 rum
355 2415 510 2487 venustae,
537 2411 589 2475 vix
612 2412 805 2495 argumentis
829 2413 1047 2477 demonstrare
1069 2411 1202 2494 poteris:
1230 2416 1266 2474 ut
1290 2433 1381 2494 saepe

262 2540 383 2582 summa
410 2526 553 2599 quaeque
581 2519 613 2581 iu
637 2540 762 2602 quaque
789 2525 857 2584 arto
884 2519 933 2584 vel
961 2518 1129 2601 disciplina
1154 2518 1272 2583 litteris
1295 2541 1381 2583 man-

262 2625 338 2689 dare
372 2622 594 2688 difficillimum
630 2631 685 2691 est.
740 2625 921 2690 imitatione
958 2647 1086 2708 sperare
1122 2646 1289 2709 possumus
1325 2646 1382 2691 nos

263 2753 358 2815 quam
384 2731 526 2814 proxime
553 2752 731 2799 accessuros
760 2753 827 2798 esse
853 2734 894 2797 ad
922 2754 1032 2797 verum
1058 2732 1099 2796 de
1124 2731 1279 2797 eiusmodi
1307 2722 1403 2798 loeis

262 2838 422 2902 iudioium.
501 2914 504 2918 Α

343 2943 385 3010 So
408 2945 502 3010 Ιιιιῖιι
524 2945 625 3028 williy
648 2946 695 3010 bui
717 2945 781 3009 ihm
804 2967 873 3024 ιιιιε,
898 2947 981 3010 raeiri
1004 2947 1109 3024 Hera,
1134 2945 1202 3009 aad
1224 2945 1301 3026 lauf

343 3052 416 3114 Ηιιιι
440 3052 576 3116 daldae!

353 3159 522 3223 Rationem
531 3159 624 3223 nimis
634 3164 780 3242 argutam
790 3167 821 3223 et
832 3160 1007 3240 quaesitam
1016 3160 1158 3243 sequitur
1167 3159 1207 3222 F.
1222 3157 1254 3223 0.
1266 3160 1384 3224 Kirra-

263 3264 390 3346 loofiias
415 3266 470 3348 qui
491 3267 627 3348 primum
646 3272 799 3349 quantum
821 3265 885 3330 seio
908 3268 942 3331 in
963 3272 1197 3350 programmate
1218 3266 1386 3333 Altonensi

263 3373 339 3436 anm
362 3359 624 3441 Clfiffiffl
652 3373 720 3438 Zur
750 3372 881 3437 Ἠιιοιιι
908 3373 993 3437 einer
1019 3373 1388 3457 arachaeus-ramasses

264 3478 390 3543 ΡῙιοιιιἸι
412 3479 462 3543 his
487 3479 643 3544 derebus
667 3479 740 3562 egit.

352 3586 488 3651 Etiamsi
511 3586 632 3661 dubito,
659 3608 734 3650 num
758 3587 805 3650 vel
833 3608 931 3651 unum
957 3587 1043 3652 illius
1069 3608 1151 3652 nova
1174 3587 1345 3671 disciplina
1368 3609 1388 3652 a

264 3695 440 3778 praeceptis
472 3694 679 3759 monstruosis
711 3693 853 3777 profecta
884 3696 1039 3760 invenerit
1071 3693 1241 3771 fautorem,
1277 3701 1388 3760 tamen

265 3825 327 3866 non
354 3821 481 3884 possum
507 3821 570 3865 non
597 3800 736 3866 breviter
763 3800 823 3865 hoo
850 3802 918 3867 loeo
942 3802 1125 3885 explanare,
1153 3822 1231 3884 quas
1258 3801 1316 3866 ille
1339 3824 1387 3867 se-

266 3916 382 3992 quatur
405 3909 489 3991 leges
509 3913 541 3972 et
563 3909 703 3974 rationes
726 3930 746 3972 a
769 3929 802 3972 se
825 3907 895 3991 ipso
919 3909 1071 3973 inventas.
1113 3909 1151 3973 In
1174 3907 1290 3990 quibus
1313 3930 1387 3993 pro-

265 4015 392 4081 fitendis
416 4020 536 4096 quanta
562 4016 617 4080 ille
644 4014 848 4092 confidentia,
876 4022 995 4098 quanta
1022 4017 1154 4080 audacia
1175 4020 1297 4092 utatur,
1324 4038 1388 4081 non

265 4145 393 4206 possum
412 4125 490 4188 satis
509 4123 631 4187 mirari:
651 4144 751 4207 neque
771 4124 855 4187 enim
872 4122 971 4186 ullum
990 4130 1127 4188 veterem
1145 4123 1389 4206 grammatioum
