2864 4770
542 314 665 391 ‚75

299 482 433 559 ἅπαντα
456 492 676 558 πανδοκοῦσα
698 492 850 569 παιδείας
873 483 986 573 ὄτλον,

77 599 137 664 ubi
154 604 221 666 tres
239 599 379 684 syllabae
393 600 457 667 arsi
476 600 579 666 elatae
596 600 856 666 allillcrationem
870 597 1020 678 efficiunt,
1038 599 1203 666 consilium

77 712 115 772 ct
136 713 239 772 artem
260 714 373 791 poetae
396 709 626 792 agnoscendam
649 728 718 773 esse
741 708 888 793 equidem
910 707 1125 774 concesserim.

170 1026 371 1112 Singulorum
402 1028 584 1094 litterarum
615 1029 730 1114 quibus
761 1028 899 1096 artificia
933 1030 989 1095 illa
1025 1028 1204 1096 efficiantur

78 1135 294 1219 frequentiam
312 1136 339 1201 si
357 1136 552 1219 respicimus,
569 1138 693 1201 numeri
711 1139 926 1221 exemplorum
944 1137 1094 1203 similium
1112 1138 1204 1203 valde

77 1244 165 1307 inter
188 1264 221 1307 sc
240 1244 430 1327 discrepant.
466 1243 506 1308 Id
525 1244 610 1327 quod
632 1244 751 1326 partim
773 1245 836 1310 iam
856 1265 952 1327 supra
969 1246 1114 1321 vidimus
1132 1266 1203 1312 cum

77 1349 235 1414 vocalium
257 1349 307 1414 bis
326 1350 375 1414 vel
398 1350 524 1432 saepius
546 1349 722 1433 positarum
739 1350 825 1416 locos
844 1351 991 1417 collectos
1013 1373 1203 1436 proponere-

76 1479 157 1521 mus.
203 1457 312 1522 Liceat
339 1456 417 1524 mihi
440 1456 552 1521 tabula
574 1458 721 1542 apposita
748 1459 928 1535 ostendere,
955 1464 1033 1542 quot
1060 1461 1204 1543 exempla

77 1564 122 1628 ad
145 1563 285 1648 singulas
308 1563 432 1629 litteras
454 1567 632 1647 spectantia
655 1566 837 1631 invenerim.

268 1695 288 1734 α
313 1726 324 1735 .,
378 1671 505 1736 litturae
529 1678 603 1736 sunt
710 1673 753 1737 26
870 1674 1020 1757 exempla.

269 1784 289 1858 β
440 1817 453 1826 -
562 1817 576 1827 -
733 1779 754 1842 5

443 1923 455 1933 —
564 1924 601 1934 -ss
735 1887 755 1950 2

717 1994 755 2056 11

737 2101 755 2164 8

718 2476 721 2481 ,
736 2419 753 2483 7

713 2633 752 2695 19

735 2740 756 2803 2

715 2848 755 2911 10

564 2991 578 3002 -
666 3033 674 3048 ,
692 2954 778 3017 nulla

271 1908 290 1968 Y

274 1991 294 2055 ὁ,

273 2120 288 2161 ε

273 2210 290 2284 ζ

268 2335 288 2396 η

262 2423 288 2481 θ

277 2547 288 2586 ι

266 2654 286 2694 κ

270 2740 289 2799 l

266 2866 289 2927 a

271 2973 290 3014 v

272 3063 291 3138 ξ
441 3095 454 3106 -
546 3066 595 3124 est
688 3082 784 3123 unum
835 3062 1018 3144 exemplum.

274 3189 293 3228 o
446 3203 460 3214 ·
529 3173 602 3230 sunl
690 3167 780 3230 nulla
868 3170 1018 3253 exempla.

265 3294 291 3335 π

270 3402 289 3462 θ

258 3504 289 3549 uo

269 3615 288 3657 τ

272 3722 291 3761 o

265 3828 288 3886 ‘l‘

269 3936 289 3995 l

263 4036 289 4102 l)

258 4149 287 4189 ω

439 4164 452 4176 -
548 4134 596 4193 est
690 4151 788 4194 uuum
834 4133 1016 4216 exemplum.
1093 4183 1097 4195 .
