2864 4770
690 324 731 388 29

241 501 322 566 Mihi
350 503 476 584 quidem
505 524 576 567 eum
603 504 636 566 in
663 503 697 566 id
724 523 821 586 genus
845 504 997 568 sermonis
1026 503 1198 569 exornandi
1225 506 1273 569 in-

151 611 324 692 quirerem,
356 632 468 693 parum
495 610 599 675 adhuc
631 630 746 693 operae
777 611 965 675 collocatum
997 632 1064 676 esse
1096 612 1130 675 in
1161 611 1273 675 harum

151 739 259 781 rerum
282 717 499 799 exploratione
523 718 623 782 visum
647 722 703 781 est.

241 823 287 888 Ut
309 821 467 888 maistans
490 825 524 887 in
547 822 628 889 libro
648 824 688 888 dc
706 825 921 890 Romanorum
938 830 970 888 et
990 824 1182 889 Graecorum
1205 829 1273 890 arto

151 933 284 995 metrica
306 930 387 994 nihil
410 931 449 994 de
472 930 533 994 hac
556 951 591 994 rc
614 931 693 995 dicit
715 933 776 995 nisi
798 932 881 995 hano
904 931 1139 996 sententiolam:

241 1036 305 1100 Die
327 1036 549 1101 Allittcrution
575 1039 618 1102 ist
639 1057 704 1102 aar
727 1040 778 1101 eiu
801 1038 1002 1102 rhetor-ischas
1025 1037 1184 1116 Elotana,
1214 1040 1274 1102 (las

152 1144 203 1208 als
221 1141 371 1208 Schnruclc
395 1144 451 1207 der·
469 1144 555 1209 Rode
578 1144 768 1209 aumentlich
791 1146 826 1208 iu
851 1146 907 1209 dor
931 1145 1052 1209 litteren
1071 1145 1274 1209 lateinisches

151 1250 262 1315 Poesie
285 1252 353 1314 ciue
375 1249 469 1314 Rollc
491 1252 592 1332 spicit.
970 1242 985 1255 “

248 1357 410 1435 Quatenus
433 1357 511 1423 mihi
534 1358 702 1441 contigerit
724 1364 761 1422 ut
787 1358 961 1442 periculum
983 1381 1137 1424 summum
1164 1381 1204 1424 ne
1226 1359 1275 1423 ni-

151 1465 250 1528 mium
276 1466 400 1529 videam
427 1466 554 1541 evitem,
586 1487 656 1531 eam
684 1465 899 1549 quaestionem
932 1467 1002 1530 aliis
1039 1466 1273 1530 diiudicandam

154 1571 256 1634 trado.
980 1553 982 1558 ’

242 1677 333 1740 Nunc
356 1679 382 1742 si
406 1678 531 1743 videtur
554 1679 595 1744 ad
619 1679 720 1762 ipsam
742 1701 810 1744 rem
833 1677 1031 1743 accedamusl

243 2106 289 2170 Ae
310 2107 446 2188 primum
465 2107 592 2189 quidem
615 2107 695 2171 illud
717 2107 795 2171 mihi
818 2108 944 2173 videtur
962 2108 1113 2192 exemplis
1136 2107 1272 2190 proban-

151 2213 228 2277 dum
252 2233 328 2289 esse,
352 2213 488 2279 Graecos
507 2214 660 2279 delectari
682 2215 890 2279 similitudine
913 2216 982 2280 soni
1006 2237 1115 2280 eorum
1138 2197 1296 2280 vocabu-⁹

150 2320 264 2396 lorum,
287 2341 368 2403 quae
391 2323 423 2384 in
442 2321 636 2404 explicandis
654 2322 770 2386 mentis
787 2324 887 2387 sensis
908 2323 1112 2405 praecipuum
1135 2322 1273 2387 habeant

151 2427 269 2502 locum,
296 2426 330 2489 id
358 2427 442 2510 quod
470 2429 577 2511 paucis
604 2450 655 2492 me
683 2430 897 2512 expositurum
925 2427 1056 2493 confido.
1102 2429 1163 2492 Tot
1190 2430 1272 2493 enim

151 2540 279 2598 exstant
305 2533 379 2611 loci,
407 2534 522 2618 quibus
550 2536 599 2599 vel
627 2535 737 2600 eodem
763 2534 860 2599 verbo
887 2537 1025 2618 repetito
1051 2535 1101 2599 vel
1134 2535 1272 2600 eiusdem

151 2639 241 2705 verbi
268 2641 363 2706 variis
390 2640 499 2706 formis
527 2642 701 2707 coniunctis
728 2641 851 2725 pondus
879 2641 1032 2706 orationis
1060 2648 1194 2724 augetur
1211 2642 1273 2705 uix

151 2752 189 2812 ut
213 2748 253 2811 de
277 2768 314 2812 ca
336 2769 371 2812 re
395 2748 526 2812 dubium
550 2769 617 2813 esse
640 2750 748 2832 possit.

241 2853 348 2937 Longe
375 2875 449 2920 vero
476 2855 613 2938 plurima
637 2856 703 2920 eius
728 2856 851 2938 generis
879 2856 1023 2939 exempla
1050 2856 1135 2940 apud
1162 2861 1273 2938 poetas

152 2961 287 3026 comicos
314 2962 489 3027 invenimus
516 2963 713 3044 maximeque
741 2963 824 3045 apud
855 2962 1112 3046 Aristophanem,
1144 2963 1199 3045 qui
1231 2963 1272 3027 ad

151 3069 409 3151 perstringendos
435 3091 508 3132 cum
534 3075 645 3150 poetas
672 3074 740 3133 turn
762 3069 897 3134 maxime
923 3068 1127 3153 philosophos
1154 3067 1272 3134 talibus

151 3175 236 3239 ludis
259 3174 425 3239 verborum
449 3176 551 3239 utitur
572 3174 668 3258 idque
687 3182 753 3239 tam
771 3195 874 3257 saepe,
896 3180 932 3239 ut
955 3177 1041 3240 haud
1063 3197 1193 3260 parvam
1215 3175 1271 3240 ha-

151 3281 228 3346 beat
255 3280 475 3346 difficultatem
498 3303 568 3346 cum
595 3281 768 3364 pulvisculo
797 3280 963 3346 exhaurire
991 3282 1132 3364 singulas
1159 3288 1272 3365 poetae

152 3388 238 3452 illius
257 3394 342 3453 artes
361 3395 393 3453 et
415 3410 515 3471 propo
533 3388 682 3470 argutias
719 3387 791 3452 Alia
809 3408 937 3470 prorsus
956 3390 1079 3453 ratione
1098 3389 1271 3473 Aeschylus

151 3495 185 3559 in
204 3493 331 3559 sublimi
354 3495 480 3558 dicendi
498 3516 612 3578 genere
631 3495 785 3560 eiusmodi
808 3492 951 3560 artificiis
970 3495 1090 3558 studet:
1114 3515 1188 3559 nam
1208 3517 1271 3560 non

151 3602 253 3666 solum
272 3601 313 3665 ad
336 3602 399 3664 vim
418 3603 577 3678 uomicam,
600 3601 654 3666 sed
674 3601 829 3665 etiamad
852 3603 915 3665 vim
933 3600 1087 3684 tragicam
1105 3601 1271 3666 verborum

152 3708 328 3791 augendam
351 3708 486 3772 maxime
509 3708 565 3772 illa
588 3714 661 3772 suut
684 3707 806 3773 idonea.

241 3815 312 3879 Huc
338 3814 522 3879 referendae
550 3821 624 3878 sunt
654 3813 836 3898 anaphoras
864 3835 942 3899 quas
975 3814 1096 3892 dicunt,
1128 3817 1270 3880 annomi-

153 3924 309 3997 nationes‚
342 3919 460 4003 figurae
493 3921 732 4005 etymologicae,
768 3921 883 3985 similia
919 3922 953 3984 id
989 3941 1099 4004 genus,
1135 3921 1271 4004 denique

154 4029 258 4092 omina
286 4024 421 4091 artificia
447 4027 619 4104 rhetorica,
647 4050 727 4110 quae
753 4027 920 4093 verborum
947 4028 997 4092 vel
1025 4028 1195 4094 eorundem
1222 4028 1271 4092 vel

154 4134 235 4198 inter
258 4157 291 4198 se
315 4142 520 4215 cognatorum
543 4155 694 4200 concursu
717 4135 879 4199 exsistunt.
