2864 4770
254 530 281 574 v.
301 509 375 575 594.
398 500 678 598 πομπὴνιπάλιιι.

255 639 281 682 v.
302 616 375 682 652.
400 618 651 704 φωτὶεφρὲνας.

843 535 868 577 a.
891 513 984 578 1014.
1008 506 1289 622 ἄζεισιοιιειιόλει.

343 725 379 811 9)
403 726 515 791 Altera
546 727 669 812 syllaba
699 727 811 805 ictum,
843 750 907 793 nou
933 735 1109 805 accentum,
1141 728 1244 793 altera
1276 749 1383 811 neque

253 833 351 898 iatum
373 854 475 918 neque
498 831 662 899 accentum
684 833 795 900 habet:
818 835 984 900 duodecim
1008 835 1164 918 exempla:

276 962 302 1005 v.
321 939 373 1005 55.
398 936 682 1025 ἕλειπονιλαχώιι.

253 1071 280 1112 v.
302 1048 373 1113 177.
397 1027 713 1134 ἆῇχῆςεᾶκσύσεται.

253 1177 280 1220 v.
295 1156 369 1221 207.
390 1146 784 1240 πειθαρχὶαεεῦπραξίας.

253 1285 280 1326 v.
299 1261 373 1326 352.
397 1263 749 1346 πομπίμουςεποδῶν.

253 1391 280 1434 v.
289 1368 363 1433 446.
374 1364 605 1455 ἐσχημάτισται
615 1393 623 1434 :
634 1364 784 1453 σμικρόν.

251 1499 279 1540 v.
298 1475 373 1539 451.
394 1458 707 1560 φωτὶεφερέγγυον.

841 964 868 1006 v.
888 942 963 1008 480.
987 933 1341 1023 φωτόςεφυλακτέοιι.

840 1071 867 1114 v.
886 1050 960 1114 537.
984 1043 1289 1133 iddatzdpyadwv.

840 1178 866 1221 v.
886 1156 960 1222 589.
983 1155 1341 1242 πληγεὶςεπαγκοίνῳ.

840 1285 867 1328 v.
887 1263 961 1328 591.
985 1254 1236 1348 ἄγαθόςτᾶνήρ.

839 1367 1381 1454 1773.θαρσεῖτεετεθρυμμέιιαι.

839 1498 866 1542 v.
886 1477 958 1542 798.
984 1468 1283 1559 δισσώιδιέλαχον.

346 1583 401 1668 10)
425 1583 536 1648 Altera
563 1589 740 1660 accentum,
772 1605 836 1649 non
853 1585 978 1662 10111111,
1010 1585 1112 1650 altera
1143 1605 1247 1668 neque
1278 1585 1382 1649 ictum

252 1711 353 1775 neque
376 1696 540 1756 accentum
562 1690 674 1757 habet:
698 1691 819 1774 viginta
841 1694 896 1757 Sex
920 1692 1076 1776 exempla:

296 1819 324 1862 v.
343 1799 372 1862 6.
395 1788 659 1874 πσλύςεπτόλιν.

274 1927 300 1969 v.
323 1905 372 1970 16.
396 1903 684 1989 τέκνοιςιτροφῷ.
743 1935 744 1938 “

274 2035 301 2076 v.
320 2011 371 2077 33,
395 2006 690 2096 πύργωνεπυλῶν.

275 2140 300 2183 v.
316 2119 368 2184 43.
386 2125 718 2203 ταυροσφαγοῦντεςτ
729 2113 784 2183 σά-

500 2209 545 2221 -
626 2248 694 2301 κος.

274 2331 371 2398 1163.
394 2327 687 2416 πόλισμαιπνοάς.

252 2464 278 2506 v.
299 2440 372 2504 239.
395 2437 699 2524 γυναικῶνιγέιιος.

254 2571 281 2612 v.
301 2547 376 2611 359.
399 2542 653 2631 πόρσνεπερᾶιι.

251 2676 278 2718 v.
297 2654 371 2718 380.
396 2649 557 2718 δάκνουσι
568 2677 575 2716 :
587 2647 694 2737 δορός.

251 2783 278 2825 v.
298 2758 371 2824 395.
395 2755 651 2844 κύβοιςικριιιεῖ.

251 2890 277 2932 v.
297 2867 372 2932 408.
395 2865 683 2942 θεοῦιθέλσιιτος.

251 2997 277 3039 v.
296 2975 370 3040 410.
395 2968 590 3061 σκήψασανι
604 2977 746 3055 σχεθεῖν.

251 3104 277 3146 v.
296 3082 370 3145 410.
394 3075 683 3164 πὲὃφεέμποόὥν.

250 3211 277 3252 v.
296 3188 370 3252 428.
394 3179 477 3274 ἀνὴρ
489 3213 496 3251 :
508 3169 600 3271 dyd-v.

838 1819 865 1863 v.
884 1798 959 1863 431.
983 1790 1326 1883 Άρτέμιδοςτᾶλλαις.

837 1927 864 1968 v.
883 1905 959 1970 479.
982 1909 1106 1993 βακχᾷι
1116 1904 1264 1986 βλέπων.

838 2033 864 2078 v.
883 2011 958 2076 542.
980 2006 1277 2077 πυκνοῦιπτόλιιι.

838 2140 865 2182 v.
884 2118 959 2184 570.
981 2112 1321 2203 μαχώμεθαεμόρον.

839 2247 865 2290 v.
884 2225 958 2291 591.
983 2221 1132 2310 σώφρων
1144 2250 1152 2289 :
1166 2216 1316 2312 εὐσεβής.

838 2333 957 2397 11634.
982 2330 1267 2416 θεομασὲςιμὲγα.

838 2461 865 2503 v.
884 2440 958 2503 640.
981 2424 1192 2523 τάχ-αετελεῖ.

839 2569 866 2610 v.
886 2547 959 2611 643.
984 2537 1177 2632 ΔιὸςεΔὶκη.

838 2676 865 2717 v.
885 2654 958 2719 666.
986 2644 1299 2718 κακῶνιεῦκλεὶαν.

838 2782 864 2826 v.
885 2760 957 2824 792.
982 2751 1140 2841 ἀδελφαῖς
1160 2740 1283 2843 ε’ἇγαν.

837 2888 864 2931 v.
885 2867 957 2933 801.
981 2857 1110 2953 πατρὸς
1125 2890 1132 2928 :
1148 2863 1376 2953 δυσπότμους.

836 2995 863 3036 v.
877 2961 957 3038 990.
980 2968 1183 3059 προβούλοις
1192 2954 1357 3052 :addam

837 3102 863 3144 v.
885 3080 979 3145 1014.
1003 3074 1352 3167 daeotovzdvaoxiav.

339 3295 601 3360 Luculentissime
623 3294 684 3359 hac
707 3318 723 3359 e
747 3293 900 3360 divisione
922 3300 1056 3379 apparet
1078 3295 1165 3360 nullo
1184 3317 1237 3360 aas
1258 3304 1377 3380 poetae

250 3407 334 3467 artes
357 3402 481 3466 vinculo
505 3403 688 3467 coniunctas
714 3423 782 3467 essa
805 3424 875 3467 cum
903 3403 1026 3486 legibus
1049 3401 1188 3468 matricis
1216 3408 1273 3468 aut
1303 3428 1376 3471 cum

250 3509 415 3574 verborum
433 3515 573 3585 accentu,
592 3530 782 3594 quamquam
799 3530 857 3574 nos
876 3508 967 3573 facile
985 3509 1077 3575 nobis
1099 3511 1374 3593 persuadebimua

251 3618 401 3681 maiorem
432 3616 532 3680 inesse
560 3616 622 3680 vim
651 3617 801 3700 exemplis
829 3621 980 3700 quattuor
1007 3617 1155 3681 ordinum
1185 3617 1374 3701 primorum,

250 3745 344 3808 quam
367 3723 506 3807 reliquis,
529 3724 562 3787 id
581 3725 663 3806 quod
684 3745 760 3787 num
778 3724 846 3788 iura
865 3723 1017 3789 faciamus
1036 3725 1127 3789 valde
1146 3724 1225 3787 mihi
1244 3726 1374 3791 videtur

251 3831 383 3895 dubium
406 3851 481 3896 esse.

339 3938 384 4002 Ac
406 3958 446 4001 ne
471 3938 503 4000 in
526 3957 618 4001 versu
635 3936 777 4003 'secundo
802 3936 929 4022 quidem

402 4037 493 4120 ὅστις
516 4040 679 4126 φυλάσσει
701 4052 829 4130 πρᾶγος
853 4044 889 4109 ἐν
912 4038 1046 4130 πρύμνῃ
1069 4042 1212 4125 πόλεως,

249 4153 305 4218 ubi
314 4159 379 4217 tres
394 4152 533 4236 'syllabae
547 4159 678 4218 accentu
691 4159 819 4218 notatae
834 4175 935 4236 neque
950 4153 982 4216 in
996 4175 1088 4218 versu
1102 4155 1372 4221 duodevicesima
