2864 4770
787 300 826 364 16

247 477 315 559 apti
337 475 429 541 nobis
446 475 677 541 videanturad
700 498 767 540 rem
790 482 970 552 1166161616,
992 500 1083 543 nemo
1108 479 1185 543 mihi
1208 500 1272 543 non
1296 500 1372 544 con·

247 583 345 648 cedet.

336 690 384 781 De
406 689 571 772 permultis
595 711 738 755 versuum
761 690 892 774 paribus
915 713 955 756 ne
978 690 1015 756 111
1035 691 1163 774 quidem
1184 693 1291 756 valere
1317 700 1374 757 aut

248 784 457 862 demonstrari
488 817 580 880 posse
611 796 771 873 existimo,
808 799 1035 862 sententiarum
1066 798 1257 881 gravitatem
1289 797 1373 862 rimo

247 903 364 986 augeri.
423 903 560 967 Tantum
596 904 724 970 concedi
761 925 852 986 posse
888 925 1008 979 censeo,
1045 902 1189 970 omnibus
1225 903 1374 969 versibus

248 1010 470 1075 homoteleutis
501 1008 536 1072 id
568 1029 635 1075 esse
662 1029 838 1083 commune,
869 1010 954 1093 quod
982 1011 1052 1074 soni
1079 1010 1286 1075 similitudine
1318 1011 1374 1075 illa

248 1138 340 1182 aures
372 1116 568 1181 mulceantur
600 1122 632 1181 et
659 1116 857 1182 delectentur
884 1121 1067 1200 mentesque
1095 1116 1248 1200 singulaei
1275 1117 1372 1182 modo

248 1223 463 1290 attendantur.

336 1329 416 1394 Eam
443 1335 549 1394 autem
577 1327 791 1395 definitionem
818 1331 845 1393 si
869 1337 1024 1405 tenemus,
1052 1351 1143 1395 nemo
1166 1329 1372 1413 vituperabit,

249 1436 334 1520 quod
360 1436 403 1501 ed
430 1457 469 1502 ea
495 1457 619 1520 quoque
641 1457 787 1501 versuum
814 1437 918 1520 paria,
947 1436 1060 1521 quibus
1083 1436 1171 1501 nulla
1193 1437 1373 1501 sententiae

250 1542 424 1609 communio
461 1548 522 1620 est,
560 1543 806 1626 disputationem
843 1549 985 1608 nostram
1016 1544 1175 1627 pertinere
1208 1543 1372 1608 voluimus.

248 1651 383 1717 Etiamsi
405 1650 503 1734 igitur
525 1670 633 1716 versus
656 1649 703 1714 illi
726 1649 980 1732 interpunctione
1003 1650 1241 1734 disiunguntur,
1264 1657 1373 1715 tamen

248 1757 388 1822 breviter
411 1757 569 1841 attingere
592 1778 699 1822 corum
719 1757 874 1822 clausulas
893 1757 1039 1823 similiter
1058 1756 1206 1822 cadentes
1224 1757 1330 1822 liceat.

342 1863 410 1928 Hoc
433 1864 519 1928 eadit
542 1864 705 1930 inversus
731 1865 769 1928 16
795 1864 890 1929 6117
917 1864 1064 1949 (moerim
1092 1861 1251 1947 ae'dqflD,
1277 1885 1305 1928 v.
1331 1864 1372 1927 37

250 1978 282 2036 61
306 1971 347 2034 38
372 1961 473 2055 (ὃδῷε
498 1964 612 2056 δόλῳ),
635 1992 661 2035 v.
685 1971 751 2035 214
774 1976 807 2035 et
830 1970 895 2034 215
918 1971 1005 2036 ulios·

338 2076 410 2142 Bini
433 2098 540 2141 versus
568 2079 708 2142 continui
731 2078 764 2141 in
788 2077 918 2142 eandem
942 2075 1096 2161 syllabam
1119 2082 1269 2142 exeuntes
1295 2077 1373 2141 duo·

250 2184 423 2267 detriginta
445 2183 522 2248 loeis
544 2189 626 2248 sunt.
672 2182 809 2248 Difficile
833 2184 895 2249 erit
917 2183 1052 2266 probare
1075 2184 1107 2246 in
1132 2183 1177 2248 eis
1200 2182 1277 2248 locis
1302 2183 1374 2266 plus

250 2292 352 2356 inesse
374 2291 549 2373 gravitatis,
572 2295 664 2375 quam
689 2292 722 2354 in
744 2290 815 2356 aliis
833 2290 912 2355 rimo
932 2291 1072 2373 privatis,
1095 2291 1282 2373 praesertim
1302 2312 1374 2353 eum

250 2398 283 2461 in
310 2397 464 2461 eiusmodi
490 2396 586 2462 rebus
613 2419 703 2462 suurn
731 2397 863 2481 quisque
890 2418 1028 2472 sensum,
1060 2396 1147 2461 haud
1173 2417 1246 2462 raro
1274 2397 1374 2460 etiam

250 2503 498 2587 praeiudicatum
526 2504 705 2587 opinionem
731 2504 819 2588 sequi
843 2503 1009 2569 consuerit.
1055 2503 1173 2568 Tamen
1196 2501 1305 2576 liceat,
1333 2502 1374 2566 ad

250 2611 334 2675 locos
353 2609 529 2676 afferendos
546 2632 648 2694 pauca
666 2611 762 2676 verba
780 2611 898 2676 addere
917 2610 1096 2694 explicandi
1115 2631 1218 2684 causa,
1236 2630 1374 2691 quarum

251 2716 494 2800 explicationum
517 2718 671 2800 quantula
693 2718 735 2782 sit
758 2716 835 2782 tides
859 2722 892 2782 et
914 2718 1087 2783 auotoritas
1110 2737 1149 2781 ne
1172 2737 1222 2781 me
1244 2716 1374 2799 quidem

251 2823 412 2907 praeterit.
1160 2899 1163 2903 .

321 2928 457 2995 'Versus
484 2930 523 2995 16
547 2937 580 2995 et
606 2931 644 2995 17
669 2932 710 2996 ab
732 2931 860 2998 Eteocle
884 2930 1157 2996 vehementissima
1179 2928 1277 2995 animi
1302 2949 1374 3011 per-

251 3036 432 3103 turbatione
464 3042 550 3103 moto
581 3038 798 3120 proferuntur,
830 3037 970 3102 versibus
1002 3037 1044 3100 37
1075 3042 1107 3100 61
1134 3036 1176 3101 38
1210 3035 1375 3119 aptissime

252 3144 354 3208 oratio
377 3143 574 3210 terminetur.
611 3145 731 3210 Eodem
754 3145 847 3210 modo
871 3144 1069 3227 explicantur
1088 3165 1195 3208 versus
1213 3142 1376 3208 coniuncti

250 3249 763 3328 1116611.21461215,1.451
790 3258 822 3315 et
845 3250 924 3327 452,
947 3273 974 3315 v.
997 3249 1062 3314 459
1087 3257 1119 3314 et
1142 3250 1208 3314 460
1232 3287 1274 3296 —-
1301 3271 1375 3314 nam

251 3378 342 3421 versu
363 3357 426 3421 461
452 3357 604 3423 transitus
626 3356 663 3423 fit
686 3359 726 3422 ad
751 3379 819 3422 eam
843 3357 1032 3422 sententiam
1056 3377 1136 3439 quae
1159 3356 1303 3438 sequitur
1325 3395 1376 3430 —,

252 3485 278 3525 v.
299 3463 366 3526 496
396 3470 427 3528 61
454 3464 534 3540 497,
561 3486 639 3546 quos
666 3464 700 3528 in
728 3464 880 3529 orationis
907 3461 969 3528 fine
997 3463 1116 3547 positos
1139 3481 1212 3529 'esse
1240 3485 1278 3527 ex
1304 3484 1376 3526 sen-

252 3569 353 3636 tentia
375 3571 445 3652 ipsa
466 3577 609 3653 apparet,
632 3592 659 3634 v.
684 3571 748 3634 662
772 3576 804 3634 61
828 3571 901 3635 663.
910 3569 936 3655 ²)

344 3856 363 3919 1)
382 3855 425 3910 Ex
444 3855 551 3911 ratione
570 3872 611 3921 ea,
633 3871 713 3925 quam
733 3861 890 3911 secuturum
906 3870 949 3909 me
966 3871 1026 3908 esse
1041 3869 1124 3920 supra
1139 3851 1261 3921 exposui,
1281 3853 1376 3922 sequi-

253 3950 305 4010 tur,
325 3952 355 3999 ut
374 3950 504 4000 accentus
522 3944 643 4000 varietas
662 3962 714 4000 non
734 3944 821 4013 possit
839 3944 896 3998 ullo
915 3944 994 3998 modo
1013 3942 1110 3996 rimum
1131 3941 1236 3995 tollere.

343 4033 363 4099 1)
383 4033 455 4088 Huic
474 4033 608 4103 exemplo,
628 4033 656 4088 in
676 4051 729 4103 quo
748 4033 853 4090 duobus
872 4031 1003 4089 extremis
1021 4031 1145 4086 versibus
1164 4045 1271 4084 summa
1291 4031 1376 4085 totius

254 4123 407 4192 sententiae
427 4122 680 4192 comprehenditur:
