2872 4784
636 325 678 390 73

354 524 381 567 v.
400 502 452 566 23.
476 507 587 580 καλῶς
606 529 615 567 :
633 516 736 587 κυρεῖ.

304 592 309 599 ’
354 631 380 672 v.
400 609 452 673 35.
476 613 627 694 ταρβεῐτε
649 613 771 674 ετελιῐ.

353 737 379 780 v.
399 716 450 780 36.
475 707 623 793 σκοπούς
642 741 650 781 :
670 724 824 802 στρατοῦ.

352 843 379 886 v.
398 823 451 887 40.
476 829 564 909 σαφῆ
584 848 592 887 :
613 830 767 908 στρατοῦ.

353 929 474 994 νὸ166.
501 926 669 1006 πεσούσας
683 955 691 994 :
706 925 952 1013 πολισσούχων.
1017 1015 1019 1018 y

353 1058 380 1099 v.
400 1036 474 1100 206.
498 1040 648 1101 καλοῦσα
667 1060 675 1100 z
694 1044 815 1114 κακῶς.

352 1163 379 1209 v.
399 1143 473 1207 027.
496 1137 664 1208 κελεύθου
684 1169 691 1207 :
711 1157 932 1227 καταισχυνεῖ.

353 1271 381 1313 v.
399 1248 474 1314 594.
497 1240 628 1335 μακρὰν
648 1275 656 1314 z
674 1254 799 1334 μολεῖν.

352 1379 379 1420 v.
399 1357 473 1421 618.
498 1347 703 1442 ἀτιμαστῆρα
723 1382 731 1422 z
751 1348 970 1442 ἀνδρηλάτην.

354 1485 381 1530 v.
402 1463 474 1527 798.
499 1453 673 1549 στρατηγώ
692 1487 700 1525 :
720 1459 931 1548 σφυρηλάτῳ.

183 1589 221 1652 In
243 1587 294 1653 his
318 1607 398 1671 quae
425 1588 489 1651 iam
511 1587 606 1651 attuli
634 1594 785 1671 quattuor
808 1586 1022 1669 exemplorum
1050 1587 1217 1672 generibus

84 1716 219 1777 semper
241 1695 360 1778 aliquid
384 1695 548 1778 utriusque
568 1694 707 1778 syllabae
727 1715 889 1759 commune
909 1701 987 1771 erat,
1010 1697 1067 1759 sad
1090 1697 1131 1760 ad
1154 1696 1218 1760 alia

85 1801 285 1878 accedimus,
309 1803 342 1865 in
365 1801 479 1886 quibus
502 1802 580 1867 haec
602 1802 814 1885 aequabilitas
837 1802 958 1866 frustra
980 1804 1163 1886 requiritur.

183 1907 220 1995 b)
243 1909 354 1973 Altera
380 1908 503 1992 syllaba
530 1916 562 1973 ab
590 1910 688 1974 ictum
717 1914 748 1972 et
775 1915 953 1986 accentum,
982 1909 1084 1973 altera
1111 1911 1216 1985 ictum,

85 2037 156 2080 non
179 2023 344 2080 accentum
366 2015 477 2079 habetz
501 2017 564 2080 duo
589 2017 744 2099 exempla:

138 2145 165 2188 v.
184 2124 258 2188 459.
283 2114 562 2207 ύνύρειύσπίύος.
673 2145 699 2187 v.
719 2122 793 2188 517.
818 2113 1132 2229 ούμὸνιέποὶνυμον.

184 2247 220 2333 6)
243 2247 354 2311 Altera
372 2248 495 2330 syllaba
513 2255 546 2312 et
564 2249 661 2312 ictum
680 2255 713 2312 at
732 2253 905 2324 absentum,
924 2249 1026 2312 altera
1044 2252 1216 2323 accentum,

85 2377 157 2420 non
181 2354 278 2418 ictum
301 2337 413 2419 habet:
435 2376 491 2420 sex
514 2356 669 2437 exempla:

137 2483 165 2524 v.
188 2463 214 2526 1.
238 2456 525 2546 Κάδμουεκαίρια.
726 2485 753 2525 v.
772 2462 846 2528 524.
871 2460 1099 2545 φέρειιφῶτα.

137 2590 166 2631 v.
185 2568 259 2633 448.
283 2563 608 2653 πύργονεὲιιπέρσαι.
728 2589 754 2633 v.
774 2569 848 2632 552.
871 2563 1077 2649 βάζειεβίαν.

138 2697 166 2738 v.
185 2673 259 2738 521.
284 2655 568 2758 σάκειεσούμῆτος.
727 2697 754 2739 v.
776 2675 848 2739 778.
871 2670 1140 2759 πύργοςεπύλας.

185 2798 219 2882 7)
243 2800 353 2865 Altera
386 2807 418 2865 et
450 2801 547 2864 ictum
579 2807 612 2864 et
643 2807 821 2877 accentum,
852 2800 955 2864 altera
986 2821 1087 2883 nequa
1120 2801 1216 2865 ictum

86 2927 195 2990 neque
219 2913 381 2971 accentum
405 2906 516 2971 habet:
540 2909 678 2990 quinqua
702 2907 859 2990 exempla:

137 3053 165 3094 v.
186 3031 258 3108 192.
283 3026 611 3118 καμούσηςικύματι.
681 3053 708 3096 v.
727 3031 802 3096 499.
827 3023 1192 3117 ύινύραςιύντιστύτας.

137 3160 165 3202 v.
184 3138 257 3202 227.
280 3134 437 3219 βόσκεται
449 3143 608 3223 ιβροτῶν.
681 3161 707 3203 v.
729 3138 801 3202 780.
829 3142 969 3202 πλεῖστα
985 3160 992 3200 :
1006 3133 1214 3222 πυλώμασιν.

137 3265 166 3309 v.
185 3243 258 3311 365.
282 3239 548 3330 τοιαύταιτρεϊς.

184 3367 219 3456 8)
243 3369 354 3434 Altera
382 3371 491 3447 ictum,
523 3391 586 3434 nan
614 3375 789 3446 accentum,
821 3368 923 3434 altera
950 3376 1126 3446 accentum,
1153 3392 1216 3435 non

87 3478 192 3542 ictum
215 3477 327 3542 habat:
352 3477 532 3560 quindecim
555 3479 710 3560 exempla:

88 3624 119 3667 v.
143 3602 193 3666 13.
217 3597 543 3688 ἔχονταεέμπρεπής.
681 3624 708 3666 v.
729 3602 803 3667 361.
827 3597 1102 3688 μαργῶνιμάχης.

89 3731 120 3774 v.
141 3707 194 3771 52.
215 3704 430 3794 σιδηρόφρων
446 3709 608 3792 εφλέγιον.
681 3731 708 3773 v.
728 3710 802 3775 388.
830 3704 1067 3774 Τυδεῖιτόκον.

89 3837 119 3880 v.
141 3815 214 3880 199.
238 3812 567 3899 πύργοντπολέμιον.
681 3837 707 3879 v.
727 3815 801 3880 393.
826 3807 1089 3901 οἷνύρῶνεἌρης.

88 3943 118 3989 v.
139 3920 213 3987 215.
240 3912 434 4005 σὸνισιγᾶν.
681 3944 707 3986 ν.
727 3923 801 3987 410.
825 3917 961 3987 πύλαισι
976 3946 983 3985 z
1000 3925 1213 4007 προσβαλεῖν.

87 4050 117 4095 v.
140 4028 213 4092 261.
239 4020 591 4115 δουρὶπηχο’;ύόμοις.
680 4050 707 4094 v,
727 4028 800 4092 579.
826 4030 958 4094 δίκαιον
975 4053 982 4091 :
999 4023 1214 4108 δυσσεβεστά-

87 4157 118 4201 v.
139 4135 214 4199 267.
238 4129 568 4219 ἓπτατιιχεῑςιτάξιυ.
1054 4159 1133 4212 τοις.
1182 4156 1187 4167 ’
