2864 4770
449 1184 546 1255 Vita
573 1184 799 1266 scriptoris.

151 1393 253 1458 Natus
286 1413 355 1457 sum
388 1389 518 1456 Carolus
550 1389 711 1474 Augustus
743 1387 898 1455 Rudolfus
930 1391 1012 1455 Beer
1043 1412 1070 1455 a.
1094 1391 1123 1456 (l.
1147 1391 1184 1455 X.

57 1499 132 1564 Kal.
161 1498 259 1583 April.
293 1499 369 1563 auni
400 1499 430 1564 h.
459 1521 482 1563 s.
510 1494 586 1561 LIII
614 1496 785 1580 Oamburgi
817 1502 909 1581 patre
941 1495 1121 1563 Christiano
1154 1503 1186 1563 et

57 1613 164 1671 matre
191 1607 342 1672 Therasia
374 1628 391 1671 e
422 1611 517 1690 gente
548 1604 798 1682 Truebneriana‚
830 1627 908 1690 quos
941 1605 1051 1671 ambos
1083 1605 1186 1671 adhue

57 1713 166 1778 vivero
189 1714 299 1777 laeter.

151 1820 352 1885 Rudimentis
375 1819 555 1885 litterarum
578 1818 619 1884 ab
643 1821 711 1904 ipso
735 1824 827 1902 patre
851 1819 991 1885 imbutus
1015 1825 1047 1885 ot
1070 1819 1185 1884 deinde

56 1927 188 2012 privata
219 1926 387 2010 disciplina
422 1931 630 2011 praeparatus
667 1947 749 1991 anne
786 1927 900 1992 aetatis
933 1949 1021 1992 meae
1053 1926 1112 1992 XV
1144 1926 1186 1991 ad

57 2034 259 2118 gymnasium
278 2033 494 2119 Meiningense
513 2034 668 2099 adductus
692 2055 769 2110 sum,
792 2034 876 2118 quod
895 2033 1045 2099 Fischero
1063 2038 1186 2098 rectore

56 2146 267 2226 praeceptore
293 2141 372 2206 mihi
400 2141 562 2206 carissimo
591 2146 658 2205 tum
685 2139 794 2206 floruit
820 2146 858 2206 ut
884 2141 980 2206 hodie
1003 2140 1103 2207 floret.
1148 2140 1187 2204 In
1244 2184 1245 2188 =

56 2248 175 2332 primis
201 2248 286 2331 piam
313 2254 499 2333 gratamque
526 2269 649 2331 semper
677 2248 808 2314 servabo
836 2248 1020 2313 memoriam
1042 2247 1186 2314 Fischeri

58 2360 95 2419 et
119 2355 248 2420 Welleri
274 2361 522 2439 praeceptorum.
572 2354 744 2439 Postquam
770 2377 854 2420 anno
878 2341 1186 2424 CIOIOCCGLXXII

58 2461 257 2527 academiam
280 2462 475 2545 Lipsiensem
498 2462 577 2539 adii,
604 2462 649 2526 ibi
678 2484 735 2546 per
759 2462 867 2527 deeem
890 2463 1055 2529 semestris
1079 2462 1184 2545 ¹philo·

58 2569 165 2652 legiae
189 2567 303 2633 studiis
327 2569 453 2634 deditus
476 2569 592 2635 soholis
615 2568 745 2634 interfui
764 2568 876 2647 curtii,
894 2569 1084 2646 D1·obisehfi‚
1102 2569 1185 2633 Eek-

58 2675 179 2752 steiuii‚
201 2675 335 2752 Heiuzii,
358 2676 577 2753 Hildebrandi,
594 2676 723 2760 Lougei,
740 2675 841 2761 Lipsii
863 2677 1037 2754 Ritsehelii,
1055 2676 1185 2760 Voigtii,

58 2781 226 2858 Zarnekei,
248 2783 376 2848 Zillerii.
419 2783 587 2849 Seminarii
609 2783 843 2867 philologorum
867 2784 984 2850 sodalis
1007 2783 1184 2850 ordinarius

59 2889 108 2953 fui
132 2910 190 2971 per
212 2911 338 2966 anuum,
360 2911 417 2972 per
440 2912 494 2954 sex
516 2911 639 2957 menses
663 2892 796 2956 senioris
814 2913 942 2956 munere
961 2891 1088 2956 functus
1107 2911 1184 2966 sum,

59 2996 228 3061 Riesehelii
255 2995 415 3062 societatis
441 2996 623 3081 philologos
651 3002 683 3062 et
709 2996 886 3062 Eoksleiuii
918 2997 1078 3062 seminarii
1110 3017 1184 3080 pae-

60 3104 208 3187 dagogiei
233 3104 335 3169 socius
359 3104 455 3168 etiam
477 3125 561 3168 nune
583 3125 659 3169 sum.

156 3210 215 3274 His
239 3210 315 3275 viris
339 3210 483 3275 omnibus
507 3212 561 3295 qui
584 3211 703 3295 optime
727 3211 766 3276 de
789 3233 839 3276 mo
862 3212 968 3277 meriti
991 3216 1065 3277 suot
1087 3231 1185 3295 quan·

60 3324 133 3384 tum
156 3315 289 3409 debeam
311 3340 483 3402 numquam
506 3317 680 3384 obliuiscar.
