2864 4770
607 313 647 377 31

228 512 262 557 v.·
280 491 353 555 387.
379 482 493 567 αὕτόςε
518 483 632 556 αὑτοῦ.

228 619 255 660 r.
280 597 354 661 403.
378 594 503 681 τούτῳε
528 589 644 674 οὕτως.

227 724 255 766 v.
278 703 353 768 432.
376 697 495 769 iiico:
520 698 641 781 ἄλλαις.

227 831 255 874 v.
278 809 352 874 439.
376 812 492 895 rpirrp:
515 812 636 896 τρίτος.

227 939 255 980 v.
278 915 353 981 453.
377 918 451 982 454.
474 917 651 1003 κέμττοιμιε
673 916 875 1002 πέπεμπται.

227 1044 254 1087 ν.
279 1022 353 1088 455.
378 1023 522 1110 οπέομαε
546 1032 716 1106 σπαρτῶν.

227 1152 254 1194 v.
278 1130 353 1196 486.
377 1122 474 1218 οἷνὴρε
498 1123 613 1215 ἄνδρα.
699 1200 702 1205 ,

228 1258 255 1300 v.
279 1237 354 1301 490.
378 1229 476 1325 ἁνὴρε
500 1230 606 1323 ἀνδρί.

227 1365 255 1409 v.
278 1343 352 1409 507.
377 1343 451 1410 508.
474 1343 648 1429 πέμπτονι
670 1342 845 1426 πέμπταις.

228 1471 255 1514 v.
279 1449 352 1515 568.
377 1449 451 1516 569.
473 1446 599 1534 χθόναε
621 1446 758 1534 χθονός.

228 1578 254 1622 v.
279 1555 352 1622 580.
377 1557 450 1622 581.
473 1566 590 1645 κακῆςε
614 1553 743 1621 κάκιον.

228 1685 255 1728 v.
280 1664 354 1729 612.
379 1660 535 1748 ἕβδομονε
559 1658 722 1747 ἑβδόμαις.

228 1793 255 1835 r.
279 1769 353 1834 655.
378 1763 528 1856 ἄρχοντα
551 1763 672 1855 ἄρχων.

228 1898 255 1942 v.
280 1877 353 1941 656.
377 1870 512 1962 ἐχθοόςε
536 1876 657 1963 ἐχθρῷ.

228 2006 254 2049 v.
279 1984 353 2049 989.
378 1985 560 2050 δοκοῦντας
585 1980 739 2065 δόξαντα.

227 2113 254 2156 v.
278 2090 352 2155 995.
375 2090 556 2178 τέθνηκενε
579 2086 752 2178 θνήσκειν.

228 2219 255 2261 v.
282 2198 376 2262 1011.
403 2199 497 2263 1012.
524 2198 616 2262 1013.
639 2192 800 2264 ricimero:
823 2191 944 2279 θάψαι
968 2192 1119 2279 θάψασα.

228 2325 255 2367 v.
282 2305 374 2368 1028.
401 2305 495 2370 1029.
518 2295 652 2389 τραχύςε
675 2299 827 2389 τράχονε.

228 2431 255 2475 v.
282 2411 377 2475 1033.
400 2418 527 2487 xnxoir:
551 2423 715 2501 κακοῖσιν.
727 2411 752 2497 ¹)

67 2517 191 2582 Horum
218 2518 357 2583 omnium
384 2539 463 2601 quos
490 2517 589 2582 affero
612 2517 752 2582 locorum
774 2516 857 2581 ratio
880 2538 919 2581 ea
941 2522 1001 2592 est,
1030 2522 1065 2581 ut
1092 2517 1187 2580 iteret-

66 2627 155 2688 tione
178 2625 263 2689 vocis
286 2625 468 2690 concinnior
490 2623 547 2690 fiat
569 2625 735 2701 sententia,
757 2629 870 2707 poetae
889 2624 987 2705 igitur
1005 2643 1043 2687 ea
1060 2623 1188 2688 iteratio
1272 2626 1276 2633 '

66 2731 156 2796 laudi
173 2730 345 2796 tribuenda
363 2732 405 2796 sit
427 2736 554 2815 praeter
571 2753 668 2795 unum
686 2731 789 2796 locum
806 2752 832 2795 v.
848 2731 923 2807 568,
944 2729 1002 2793 ubi
1024 2729 1188 2794 Ritschelii

64 2834 151 2923 γύην
178 2839 278 2921 magis
305 2838 520 2921 complacet,
548 2859 643 2921 quem
669 2837 824 2902 librorum
846 2837 996 2920 repetitio
1019 2838 1096 2901 satis
1119 2836 1188 2901 lanu

65 2946 174 3027 guida.

157 3050 244 3128 Quae
267 3052 395 3133 quidem
418 3051 561 3136 exempla
584 3051 689 3116 omnia
712 3052 914 3116 continentur
936 3050 1041 3115 verbis
1068 3048 1187 3133 simpli-

38 3143 170 3222 'cibusz
196 3178 255 3222 nec
281 3179 355 3223 vero
382 3159 485 3222 minus
512 3157 684 3241 Aeschylus
712 3156 809 3223 verba
836 3158 1010 3241 composita
1042 3158 1075 3220 in
1106 3157 1188 3220 eius-

64 3263 155 3329 modi
181 3261 291 3348 figuris
317 3264 462 3341 adhibet,
489 3265 546 3329 sed
568 3265 667 3330 ferme
694 3264 754 3340 ita,
780 3270 816 3329 ut
842 3262 966 3346 singula
992 3260 1090 3327 verbe
1113 3262 1187 3327 sim-

67 3382 283 3389 --.-....—.—..

160 3424 178 3488 ¹)
198 3423 329 3478 Conferos
349 3440 409 3478 cum
430 3429 553 3478 extremo
572 3423 699 3492 exemplo

246 3514 346 3567 Aesch.
366 3513 440 3567 Pers.
461 3513 542 3568 1041:
566 3506 645 3566 δόσιν
663 3507 757 3566 κακὰν
775 3514 874 3566 κακῶν
892 3516 999 3574 κακοῖς.

247 3601 329 3671 Soph.
349 3601 393 3655 Ai.
412 3603 477 3656 866:
498 3595 585 3664 πόνος
603 3595 684 3673 πόνῳ
703 3595 793 3656 πόνον
811 3594 902 3671 φέρει.

159 3688 267 3758 Quanto
286 3705 368 3759 opere
384 3689 484 3745 Graeci
504 3689 607 3744 eisdem
626 3689 767 3744 vocabulis
786 3705 816 3744 se
832 3687 1035 3758 excipientibus
1054 3687 1187 3743 delectati

65 3778 123 3832 sint
142 3783 261 3847 apparet
279 3795 339 3833 cum
360 3796 394 3833 ex
413 3778 506 3832 multis
525 3777 589 3832 aliis
607 3778 676 3832 locis
695 3783 753 3833 tum
772 3776 898 3847 inprimis
918 3793 952 3832 ex

211 3867 288 3921 Dem.
309 3868 375 3921 XXI
394 3868 446 3923 204
465 3885 491 3936 p.
511 3868 575 3922 580:
596 3863 686 3931 κακὸς
704 3870 800 3930 κακῶς
818 3861 928 3921 ἀπολεῖ.

212 3956 245 4010 cl.
265 3957 343 4010 Dem.
364 3957 472 4010 XXXII
492 3958 508 4011 6
527 3973 553 4025 p.
573 3957 638 4010 883:
663 3951 753 4019 κακὸς
771 3959 868 4020 κακῶς
885 3949 1025 4010 ἀπώλετο.

157 4045 266 4099 Talium
281 4044 459 4099 formularum
474 4050 518 4099 set
536 4044 666 4113 frequens
681 4045 756 4113 apud
770 4060 864 4099 omnes
882 4050 979 4114 poetes
994 4050 1023 4098 et
1037 4043 1186 4113 scriptores

68 4149 132 4187 usus
151 4140 201 4188 est.
