2864 4770
693 315 736 379 32

152 494 246 576 plicia
269 495 308 558 ad
333 493 457 576 singula
479 493 652 576 composita
680 492 903 567 adnectantur,
930 491 996 555 sive
1023 489 1103 554 haec
1126 488 1194 553 sive
1220 487 1269 552 illa
1299 483 1301 491 '

152 601 355 683 praecedunt.
1274 582 1278 591 ’

241 705 393 772 Conferas
416 707 572 789 exempla:

314 834 340 876 v.
365 814 394 877 6.
420 813 447 876 7.
470 804 590 888 πολύςε
614 806 853 895 πολυῤῥόθοις.

312 943 339 985 v.
367 921 414 985 11.
438 910 532 1005 ἥβηςε
557 916 683 1005 ἔξηβον.

312 1049 339 1088 v.
366 1026 414 1090 18.
439 1017 585 1090 ἅπαντας
613 1025 840 1089 πανδοκοῦσα.

312 1154 338 1196 v.
363 1132 414 1196 31.
438 1128 575 1208 aercae:
598 1133 792 1230 πᾳντευχὶᾳ.

313 1261 339 1303 v.
363 1237 436 1303 514.
461 1230 660 1324 ἀνδρόπαιςε
685 1230 815 1323 luitpr)

314 1368 340 1409 v.
365 1346 437 1409 634.
462 1345 641 1429 θεομανὲςε
665 1351 769 1410 θεῶν.

312 1475 339 1517 v.
364 1453 436 1517 655.
461 1448 663 1539 κασιγνήτῳτ
686 1447 789 1528 κάσις.

313 1581 340 1623 v.
366 1560 438 1624 781.
464 1554 618 1641 ἓβδόμαςε
643 1553 872 1643 ἓβδομαγέτας.

314 1687 340 1728 v.
365 1667 437 1730 786.
462 1666 534 1730 787.
557 1671 783 1750 παραφρουῶε
807 1669 991 1749 φρονοῦσα.

313 1794 341 1837 v.
367 1773 460 1837 1030.
487 1773 580 1837 1031.
604 1767 760 1859 τιμήσειςε
785 1771 1024 1856 δυστετίμηται.

245 1879 281 1943 In
305 1885 456 1961 quattuor
479 1879 629 1962 exemplis
657 1879 789 1962 simplex
812 1878 958 1961 quodque
980 1875 1112 1941 verbum
1134 1877 1269 1959 seqnitur
1313 1916 1315 1977 ἰ

155 1989 196 2071 (v.
220 1987 294 2050 514.
319 1986 392 2052 634.
416 1986 489 2049 655.
515 1985 604 2071 787),
627 1987 661 2049 iu
683 1984 814 2067 reliquis
836 1985 1007 2067 praecedit.
1313 1982 1315 1987 ’

245 2093 420 2176 Singularis
443 2099 557 2156 natura
581 2098 629 2157 est
652 2091 786 2174 exempli
811 2091 886 2168 eius,
910 2091 993 2174 quod
1017 2095 1065 2154 est
1088 2091 1122 2153 iu
1145 2112 1172 2154 v.
1196 2090 1269 2153 533:

350 2186 370 2284 ἦ
393 2190 457 2263 τᾶν
480 2193 647 2273 πανώλεις
670 2193 852 2281 παγκάκως
874 2189 908 2261 τ’
933 2189 1078 2261 ὀλοίατο.

156 2308 206 2372 lbi
238 2306 322 2371 enim
350 2304 472 2370 duobus
504 2304 622 2381 verbis,
655 2326 736 2388 quae
769 2305 868 2389 stirpe
900 2289 975 2367 αἶαῙ)
998 2304 1174 2386 composita
1205 2307 1271 2366 sunt

157 2414 330 2479 eorriunctis
353 2412 475 2477 accedit
498 2411 627 2476 verbum
651 2411 783 2494 simplex
807 2404 940 2494 ὄλλυμι,
968 2411 1056 2474 cuius
1080 2411 1178 2492 stirps
1202 2410 1272 2474 item

157 2522 220 2584 iam
243 2522 277 2584 in
299 2521 405 2602 priore
428 2518 580 2583 vocabulo
604 2519 777 2600 composito
801 2513 969 2593 πανώλεις
991 2518 1103 2582 inerat.

244 2625 364 2704 Quibus
414 2625 542 2707 quidem
592 2625 741 2707 exemplis
786 2622 937 2708 probasse
986 2621 1079 2686 nobis
1127 2623 1275 2696 videmur,

156 2733 345 2816 Aeschylum
377 2732 416 2795 de
447 2731 605 2795 industria
641 2751 734 2813 saepe
770 2730 941 2813 quaesiisse
973 2729 1126 2795 formulas
1164 2729 1275 2811 quibus

157 2841 361 2922 coniungeret
384 2842 440 2902 aut
462 2838 568 2920 plures
592 2838 731 2902 eiusdem
754 2836 842 2901 verbi
866 2836 982 2902 formas
1006 2841 1063 2900 aut
1084 2836 1179 2918 plura
1199 2837 1277 2902 eius-

158 2949 230 3012 dem
252 2947 360 3028 stirpis
384 2943 549 3021 vocabula,
576 2944 609 3007 id
633 2945 718 3025 quod
741 2944 958 3010 demonstrare
980 2943 1033 3006 vix
1056 2963 1134 3025 opus
1164 2945 1277 3026 erat,²)

161 3101 165 3108 ι
170 3099 373 3108 ...Q—*m

250 3162 269 3226 ¹)
288 3176 312 3212 v.
332 3159 393 3212 474.
412 3158 466 3212 475
484 3151 645 3228 nvpavoov:
664 3151 753 3226 πυρὸς
772 3172 937 3225 quamquam
956 3154 1113 3210 simillimus
1132 3160 1176 3208 est
1195 3155 1281 3222 locus,

158 3249 209 3302 hoc
229 3248 264 3302 ad
282 3263 367 3316 genus
387 3247 527 3316 pertinere
547 3244 713 3316 negaverim.

247 3335 266 3402 Ξ)
285 3336 327 3390 De
343 3351 377 3389 ea
394 3342 538 3404 poetarum
558 3334 676 3390 maxime
692 3333 858 3402 tragicorum
874 3332 1071 3388 consuetudine
1091 3332 1205 3402 saepius
1224 3333 1283 3388 iam

159 3424 327 3493 disputatum
347 3430 401 3490 est,
432 3423 508 3478 velut
532 3440 547 3478 a
572 3424 717 3478 Ladeoico
742 3422 892 3478 Schmidtc‘o
916 3424 945 3477 in
967 3422 1098 3477 Berllner
1121 3422 1286 3489 Zeitaclrrr'ft

157 3514 206 3578 far
225 3513 277 3565 das
298 3513 554 3581 Gymnoaialweaen
574 3515 655 3578 1868,
684 3530 710 3581 p.
731 3513 782 3567 646
797 3512 838 3578 ff.‚
867 3512 915 3581 qui
938 3527 1103 3581 quamquam
1131 3511 1285 3566 multorum

160 3601 277 3655 virorum
292 3597 605 3656 doctorum'sententias
625 3602 659 3655 de
678 3617 760 3656 care
779 3602 901 3670 prolatas
920 3601 1010 3667 affert,
1030 3607 1123 3655 tamen
1139 3615 1195 3654 uon
1210 3592 1284 3655 scm-

158 3694 302 3759 porrecte
323 3689 430 3744 videtur
449 3689 552 3744 sentire
572 3690 606 3743 de
625 3689 740 3758 singulis
760 3689 827 3744 locis
843 3705 875 3743 ac
890 3706 924 3745 ne
939 3696 1015 3744 recte
1035 3688 1147 3758 quidem
1166 3688 1284 3744 intelle·

159 3778 231 3832 uisse
251 3778 399 3833 Ritschelii
417 3780 509 3845 verba,
530 3794 610 3846 quem
629 3783 749 3843 accusat,
770 3779 841 3847 quod
860 3793 957 3847 parurn
977 3776 1129 3832 toleranter
1148 3776 1177 3830 in
1198 3794 1284 3833 voca·

160 3868 284 3922 bulorum
307 3867 468 3922 iterationes
492 3867 635 3922 insaeviat.
661 3899 694 3906 -
718 3868 801 3921 Certa
825 3868 859 3922 dc
887 3865 990 3921 talibus
1018 3867 1100 3921 rebus
1127 3874 1286 3936 praecepta.

159 3973 305 4026 numquam
326 3957 386 4010 dari
409 3962 550 4026 poterunt,
575 3957 623 4011 sed
648 3972 708 4010 cum
728 3955 870 4024 scriptoris
889 3955 933 4009 rel
956 3961 1056 4023 poetae
1077 3954 1221 4009 cuiusdam
1241 3955 1285 4009 in-

159 4047 269 4116 genium
283 4045 476 4114 scribendique
491 4062 555 4100 usus
569 4045 752 4100 examinanda
771 4050 828 4097 tum
843 4060 907 4098 vero
925 4060 991 4098 sano
1010 4043 1113 4097 iudicio
1133 4045 1285 4112 uuusquis-

161 4151 213 4203 que
232 4136 307 4188 locus
327 4134 537 4202 pertractandus
558 4134 617 4188 crit.
