2864 4770
680 304 682 311 ’
785 334 805 398 a

241 515 325 600 quod
356 513 486 580 memini
513 512 719 578 Ritechelium
750 517 988 594 praeceptorem
1019 511 1053 574 in
1080 510 1194 576 scholio
1221 509 1364 593 perbene

238 622 371 687 vertisse
394 619 509 687 Stator
531 620 599 684 ααδ
621 619 740 683 Notar.

359 744 471 809 Aee'ch.
495 744 597 810 Prom.
620 764 647 807 v.
671 743 734 808 691
759 738 905 829 πήματα,
928 737 1067 825 λύματα,
1091 742 1236 824 δείματα,

327 870 394 936 Nec
412 890 486 934 vero
510 868 603 934 aliter
625 872 731 951 potest
754 867 889 931 iudicari
913 866 1060 943 (telonio,
1084 867 1137 948 qui
1161 867 1265 930 minue
1289 886 1364 947 epe-

240 977 357 1043 ciosam
381 974 531 1041 exhibent
554 974 802 1051 similitudinem,
825 973 911 1038 velut

373 1101 431 1166 Od.
455 1106 482 1180 ξ,
506 1099 585 1176 330,
606 1122 637 1179 τ,
661 1099 725 1164 299
749 1106 782 1163 et
804 1099 930 1182 saepius
953 1103 1014 1163 est:
1041 1089 1197 1180 ἀμφαδὸν
1220 1091 1259 1182 ἠὲ
1282 1120 1363 1183 κρυ-

418 1202 538 1294 φηδόν.

375 1314 485 1378 Aesch.
501 1313 586 1397 Sept.
601 1312 665 1377 213
684 1312 847 1400 (editionis
862 1309 1086 1378 Dindorfianae
1100 1333 1127 1376 r.
1142 1311 1221 1397 230)
1237 1306 1364 1395 σφάγια

418 1421 474 1484 καὶ
495 1415 684 1506 χρηστήρια.

331 1546 378 1610 Eo
404 1545 499 1610 modo
527 1566 597 1610 cum
625 1548 658 1607 et
685 1543 890 1626 scriptoribus
914 1549 947 1607 et
968 1543 1071 1626 poetis
1093 1542 1249 1625 placuerit
1273 1562 1363 1607 oeca-

244 1654 331 1719 sione
355 1653 431 1718 data
454 1650 550 1716 verba
572 1651 770 1732 coniungere,
793 1649 826 1714 id
850 1651 935 1733 quod
959 1650 1012 1726 eie,
1035 1668 1116 1732 quae
1139 1647 1233 1713 attuli
1257 1669 1365 1712 exem-

242 1761 318 1844 plis,
341 1756 640 1843 p1·obatur,·quibus
664 1756 764 1820 multa
786 1757 850 1820 alia
872 1757 948 1820 addi
971 1761 1115 1840 possunt,
1138 1775 1241 1820 nonne
1265 1755 1364 1820 etiam

242 1869 393 1932 maiorem
415 1864 512 1929 habet
534 1862 802 1947 probabilitatem,
826 1863 909 1928 idem
932 1863 973 1928 ad
996 1884 1104 1928 versus
1127 1862 1365 1945 coniungendos

244 1974 379 2038 libenter
402 1993 421 2036 a
443 1977 538 2056 poeta
561 1991 655 2051 quam
673 1970 808 2035 maxime
826 1969 977 2052 pulchrae
996 1969 1116 2034 formae
1135 1968 1276 2034 studioso
1296 1989 1365 2032 esse

245 2079 444 2144 adhibitum?

332 2399 443 2464 Altero
462 2397 531 2462 loco
550 2396 590 2462 de
608 2397 839 2464 homoeoarctie
853 2397 902 2462 vol
920 2397 1200 2463 allitterationibus
1219 2398 1365 2463 dicturus

245 2530 322 2573 sum.
370 2505 496 2570 Etenim
523 2506 606 2570 sicut
633 2525 737 2582 voces,
765 2524 846 2587 quae
873 2506 906 2569 in
934 2505 1058 2570 eaedem
1087 2506 1211 2570 litterae
1239 2510 1366 2589 exeunt,

245 2614 370 2696 saepius
397 2612 430 2674 in
457 2611 601 2676 formulis
628 2611 901 2695 locutionibusque
929 2614 1174 2695 coniunguntur,
1201 2613 1248 2676 ita
1273 2633 1366 2678 voces

246 2721 286 2784 ab
310 2720 428 2783 eisdem
451 2717 567 2782 litteris
591 2717 776 2800 incipientes
799 2718 883 2782 intel
906 2739 939 2782 ee
962 2721 1147 2784 coniunctae
1166 2719 1290 2802 saepius
1310 2740 1365 2784 ex-

246 2831 345 2902 stant,
376 2846 472 2907 quam
498 2829 535 2888 ut
562 2823 695 2890 fortuito
724 2824 878 2890 eiusmodi
904 2823 1077 2891 locutiones
1104 2846 1212 2890 omnes
1240 2825 1365 2891 coufor-

246 2939 348 2997 mutas
371 2952 438 2996 esee
461 2932 589 2997 credere
612 2933 774 3017 possimus.

335 3037 395 3103 Sic.
423 3036 517 3120 Soph.
545 3038 627 3104 Phil.
655 3038 721 3103 482
753 3039 984 3122 coniunguntur
1012 3045 1131 3123 τρῶρα
1160 3044 1192 3103 et
1218 3035 1366 3124 πρύμνα,

246 3146 355 3210 multis
377 3145 454 3209 locis
478 3140 577 3230 ἔργον
595 3146 652 3209 καὶ
676 3140 756 3221 ἔπος
775 3146 826 3231 (cf.
845 3145 990 3210 Lobeebic'
1010 3146 1142 3228 paralip.
1161 3158 1191 3229 p.
1210 3146 1278 3231 65),
1301 3147 1367 3211 alia

247 3254 280 3316 id
303 3273 410 3335 genua.

336 3358 570 3424 Allitteratione
593 3359 686 3424 simul
709 3364 742 3423 et
763 3360 873 3424 eadem
891 3359 1114 3425 terminatione
1132 3360 1367 3444 coniunguntur

249 3489 343 3567 σῶμα
366 3489 398 3548 et
422 3490 507 3568 σῆμα
529 3483 563 3546 in
586 3483 667 3548 Plat.
692 3482 775 3548 Orat.
799 3506 827 3566 p.
851 3485 918 3549 400
941 3485 972 3549 0.

692 3590 785 3671 Gorg.
808 3613 838 3674 p.
861 3591 927 3654 493
950 3591 986 3653 Α.

248 3714 352 3797 Atque
385 3712 519 3780 fortasse
550 3713 645 3780 etiam
677 3714 710 3777 in
743 3715 966 3791 locutionibuS,
999 3714 1107 3798 quales
1135 3716 1219 3800 apud
1248 3716 1365 3782 Home-

248 3843 317 3884 rum
342 3825 428 3887 eunt:

426 3930 499 4013 δίχα
522 3923 643 3994 πάντα.
658 3924 813 3996 δέδασται
837 3929 894 3996 od.
919 3955 948 4012 o,
970 3931 1046 4009 412,

425 4033 600 4100 παύσαντο
623 4032 734 4101 πόνου
837 4038 873 4100 ll.
897 4042 938 4117 H,
961 4039 1035 4116 319,

428 4139 560 4207 ἐδεύετο
585 4140 698 4220 δαιτός
836 4143 872 4206 ll.
896 4146 937 4223 Α,
960 4134 1035 4222 468,
1058 4149 1098 4224 Η,
1122 4144 1188 4209 320
