2864 4770
800 322 823 411 6.

343 525 380 588 ln
413 525 475 589 duo
508 545 623 608 genera
655 525 809 591 eiusmodi
842 531 1098 591 ornamentorum
1130 533 1166 592 ut
1196 527 1243 590 ita
1271 527 1378 592 dicam

254 651 399 694 versuum
424 651 482 712 ego
504 631 653 713 inquisivi
677 637 773 714 atque
792 653 871 715 quae
890 632 968 696 mihi
988 633 1084 715 digna
1102 633 1169 696 visa
1187 639 1270 708 suut,
1294 654 1379 715 quae

255 737 455 814 adnotentur,
478 759 659 821 proponam.

345 844 453 908 Priore
473 845 541 909 loeo
560 846 600 910 de
618 845 914 930 homoeoteleutis1)
933 867 1034 930 agam,
1052 847 1153 911 altero
1173 847 1212 910 de
1226 846 1379 910 homoeo-

256 952 351 1015 arctis
374 952 439 1015 sive
462 951 751 1017 allitterationibus.

344 1058 427 1121 Illud
458 1079 555 1140 genus
583 1059 754 1141 poeticum,
786 1060 870 1142 quod
898 1065 1007 1142 gentes
1035 1081 1182 1124 romanae
1211 1060 1380 1124 excoluere

257 1170 289 1229 et
311 1165 394 1246 quod
419 1165 504 1246 apud
527 1185 584 1229 nos
607 1165 702 1229 hodie
726 1165 965 1230 usitatissimum
990 1173 1038 1231 est
1056 1206 1099 1213 —
1118 1187 1225 1231 versus
1245 1165 1379 1230 rimatos

256 1272 360 1335 media
382 1277 470 1336 aetas
493 1271 675 1354 appellabat
696 1311 746 1348 —‚
769 1294 789 1335 a
811 1294 904 1337 sensu
924 1279 1064 1337 veterum
1082 1294 1210 1356 prorsus
1229 1273 1380 1337 recedere

256 1379 309 1441 vix
336 1379 502 1461 quisquam
531 1382 579 1442 est
604 1379 657 1460 qui
681 1379 859 1443 contendat.
906 1379 964 1444 Vel
988 1400 1027 1443 ex
1050 1400 1096 1456 eo,
1119 1381 1203 1461 quod
1227 1401 1325 1462 saepe
1349 1385 1381 1452 et
1415 1381 1422 1390 '

257 1487 400 1568 poeticae
432 1491 463 1548 et
495 1505 607 1567 prosae
635 1486 787 1549 orationis
816 1487 984 1569 scriptores
1013 1487 1139 1551 usitatis
1166 1485 1380 1551 locutionibus

258 1592 487 1656 coniunxerunt
517 1613 621 1668 voces,
658 1613 791 1674 quarum
830 1599 988 1657 extremae
1020 1591 1159 1676 syllabae
1191 1599 1381 1675 congruunt,

258 1699 405 1780 colligere
427 1698 511 1774 licet,
533 1705 656 1762 veteres
679 1720 803 1782 qnoque
826 1700 979 1763 eiusmodi
1003 1699 1144 1764 formulis
1169 1700 1332 1764 delectari.

347 1803 471 1869 Similes
507 1804 659 1870 formulas
691 1807 819 1890 collegit
850 1806 1022 1870 Lobcolrins
1052 1808 1086 1870 in
1117 1807 1382 1889 paralipomenon

258 1914 482 1994 grammaticae
514 1933 645 1995 graecae
677 1935 706 1995 p.
735 1911 777 1976 58
807 1919 838 1977 et
866 1913 924 1989 eis,
958 1934 1038 1995 quae
1066 1915 1291 1995 insequuntur,
1324 1914 1381 1976 ubi

260 2025 411 2084 notantur
433 2019 543 2084 haece:

393 2135 435 2208 τὰ
462 2139 544 2229 μέλη
571 2145 627 2207 καὶ
654 2139 736 2230 μέρη
746 2145 788 2228 ²),
816 2139 967 2229 κτήματα
995 2147 1051 2209 καὶ
1072 2141 1237 2231 χρήματα,
1265 2152 1383 2231 κτῆσις

393 2251 449 2314 καὶ
470 2257 592 2336 χρῆσις,
615 2243 684 2336 ἤθη
707 2252 761 2314 καὶ
783 2246 856 2335 laq,
881 2243 1030 2333 ὀνόματα
1049 2253 1106 2316 καὶ
1125 2247 1264 2336 ῥήματα,
1289 2247 1383 2335 λόγῳ

393 2359 450 2420 καὶ
473 2353 567 2441 ἔργῳ.

262 2485 458 2566 Quamquam
481 2504 591 2546 vocum
617 2476 707 2566 λόγῳ
736 2489 768 2546 et
795 2477 881 2566 ἔργῳ
910 2481 1005 2546 binae
1028 2488 1152 2547 tanturn
1175 2483 1304 2547 litterae
1329 2505 1384 2547 ex-

261 2596 380 2655 tremae
404 2594 589 2672 congruunt,
612 2596 718 2653 tamen
736 2589 797 2653 hac
815 2589 883 2654 soni
902 2587 1129 2672 aequabilitate
1148 2590 1383 2672 oppositionem

261 2697 459 2779 aliquatenus
481 2696 591 2778 augeri
613 2695 691 2759 mihi
714 2696 839 2779 quidem
863 2717 1046 2779 persuasum
1070 2702 1124 2760 est.
1167 2695 1283 2760 Utrum
1309 2718 1384 2762 vero

263 2804 375 2868 Graeci
399 2805 483 2867 idem
506 2803 662 2868 senserint
684 2824 723 2867 au
748 2825 820 2880 non,
843 2802 990 2867 dubitare
1013 2804 1095 2867 licet.
1127 2803 1232 2886 Atque
1255 2803 1384 2869 etiamsi

261 2911 322 2975 hoc
349 2910 477 2975 concedi
506 2915 623 2992 posset,
651 2915 757 2974 tamen
784 2917 962 2975 remaneret
990 2910 1091 2974 altera
1118 2911 1275 2992 quaestio,
1308 2933 1383 2976 num

263 3017 405 3083 consulto
434 3038 487 3081 eas
514 3017 712 3099 potissimum
734 3017 850 3081 formas
874 3017 1005 3100 elegerit
1028 3018 1163 3100 scriptor
1186 3017 1227 3082 ad
1251 3023 1382 3083 conten-

262 3125 381 3189 tionem
409 3121 607 3188 efferendam.
654 3124 722 3202 Qua
750 3124 789 3189 de
811 3146 846 3188 ro
869 3130 990 3189 eertum
1014 3123 1165 3188 iudicium
1188 3122 1295 3188 iacere
1320 3145 1381 3189 non

263 3233 373 3296 audeo.
517 3213 518 3216 Ἴ

351 3337 437 3402 Num
464 3336 632 3403 discrimen
659 3336 701 3402 sit
724 3335 902 3402 faciendum
926 3337 1009 3403 inter
1032 3337 1181 3403 formulas
1205 3359 1272 3414 eas,
1302 3359 1382 3420 quae

264 3445 411 3526 stirpium
448 3447 586 3526 ipsarum
618 3444 667 3508 vel
699 3445 831 3528 parvula
863 3445 1069 3510 similitudine
1101 3453 1157 3510 aut
1188 3444 1382 3528 syllabarum

264 3548 448 3615 suffixarum
472 3548 626 3626 nituntur,
649 3551 730 3614 sicut

455 3652 621 3739 σωμάτων
644 3658 701 3720 καὶ
721 3654 900 3742 χρημάτων
924 3657 1020 3723 Thuc.
1044 3659 1067 3736 Ι,
1091 3659 1142 3735 85,
1169 3661 1184 3724 1

355 3909 373 3972 ¹)
392 3908 495 3962 Vocem
514 3898 729 3973 ὃμοιοτὲλευτος
747 3906 821 3976 apud
840 3905 961 3962 Graecos
976 3907 1062 3974 magis
1077 3907 1105 3961 in
1120 3924 1170 3962 usu
1184 3905 1280 3973 fuisse,
1301 3923 1381 3976 quam

264 3989 452 4062 ὁμοτέλευτος
470 3995 687 4050 testimoniorum
706 4011 818 4050 numero
838 4002 882 4050 sat
900 4012 998 4065 magno
1017 3996 1129 4066 probari
1147 4003 1247 4065 potest.

355 4084 374 4139 '2l
394 4086 423 4137 ln
445 4085 485 4137 cis
500 4083 640 4138 vocabulis
659 4084 855 4152 coniungendis
876 4102 935 4138 oum
956 4085 1080 4140 clausula
1094 4085 1122 4138 in
1136 4090 1153 4153 ῇ
1168 4084 1292 4138 litteram
1307 4085 1380 4139 facta

265 4179 322 4225 tum
343 4172 460 4226 maxime
481 4173 585 4240 primae
605 4171 729 4242 syllabae
749 4173 928 4241 congruentia
946 4173 1040 4227 ludum
1060 4172 1154 4226 elficit.
