2864 4770
694 302 734 366 14

153 501 191 543 ea
222 479 316 544 hodie
343 485 392 543 est
418 479 491 542 rimi
518 478 632 562 ligura,
664 483 701 542 ut
728 479 842 562 stirpes
870 481 958 562 ipsae
984 478 1100 544 litteris
1129 483 1161 543 et
1192 479 1278 543 sonis

153 585 269 650 similes
296 585 379 650 inter
402 607 435 649 se
459 592 686 668 mmponantur
709 607 765 650 seu
787 586 970 652 terminatio
994 591 1126 651 accentu
1149 585 1280 669 privata

152 693 274 757 accedit
293 728 335 739 ——
359 692 595 757 homoteleuton
618 693 710 758 virile
733 693 843 757 dicunt
863 732 901 738 --
924 714 979 757 seu
1002 714 1063 757 non
1087 693 1215 757 accedit
1236 733 1276 740 —

152 799 387 864 homoteleuton
411 799 596 864 femininum
620 800 752 865 dicimus
776 838 826 863 --.
868 799 907 863 ld
930 800 1082 864 rimorum
1105 799 1278 864 discrimen

153 907 179 970 si
206 906 290 990 apud
313 912 435 971 veteres
462 927 587 970 servare
611 907 766 983 volumus,
793 907 827 972 id
854 907 938 990 quod
966 928 1041 971 num
1064 904 1133 970 fieri
1156 905 1279 970 debeat

152 1014 201 1077 vel
228 1013 328 1095 possit
356 1033 414 1095 ego
442 1011 666 1089 dubitaverim,
693 1013 773 1078 illud
800 1035 863 1078 non
891 1013 974 1078 inest
995 1013 1028 1077 in
1052 1012 1277 1087 clausularum,

152 1121 207 1184 sed
231 1120 264 1184 in
286 1139 438 1203 generum
461 1119 663 1183 metricorum
687 1121 849 1191 varietate.

241 1226 278 1289 In
296 1246 388 1290 versu
410 1225 592 1290 hexametro
616 1227 713 1292 rimos
735 1225 903 1293 femininos
926 1227 1008 1293 solos
1031 1226 1135 1292 locum
1154 1225 1276 1293 habere

152 1355 208 1415 per
232 1353 266 1398 se
288 1332 491 1416 intellegitur.

241 1457 286 1521 Of.
310 1457 401 1524 Hom.
424 1458 482 1523 Od.
504 1462 535 1537 β,
558 1479 585 1522 v.
609 1460 643 1522 9:
671 1460 724 1524 11:

209 1555 314 1648 αὐτὰρ
339 1561 411 1628 ἐκεῖ
434 1555 469 1648 ῥ’
492 1557 635 1650 ἤγερθεν
660 1556 833 1650 ὁμηγερέες
856 1588 890 1629 τε
915 1561 1099 1649 γένοντο,

209 1675 250 1755 βῆ
274 1662 308 1752 ῥ’
333 1668 405 1753 ἰ’μεν
429 1668 475 1746 εἰς
499 1663 634 1756 ἀγορήν,
657 1667 793 1754 καλάμῃ
818 1663 850 1735 δ’
874 1667 925 1754 ἔχε
946 1668 1092 1754 χάλκεον
1116 1669 1222 1757 ἔγχος,

210 1768 273 1840 οὐκ
297 1771 377 1855 οἶος,
401 1767 467 1860 ἅμα
490 1785 539 1860 τῷ
562 1800 598 1860 γε
623 1774 693 1842 δύαι
716 1774 815 1855 κύνες
839 1771 934 1862 ιΞργσὶ
958 1775 1147 1862 imorcer)

152 1888 184 1947 et
206 1883 346 1948 ciusdem
370 1883 443 1946 libri
466 1905 492 1946 v.
518 1884 573 1948 74:
599 1885 655 1948 lo:
681 1885 731 1949 78.

467 2013 490 2054 v.
518 1990 595 2054 142:
622 1991 693 2054 144.

240 2097 371 2179 Saepius
399 2098 516 2180 singuli
539 2120 645 2163 versus
673 2099 706 2162 in
733 2097 825 2163 binas
847 2105 954 2182 partes
977 2100 1065 2164 rimis
1088 2101 1276 2167 coniunctas

152 2203 325 2279 discedunt,
349 2208 384 2267 ut

240 2310 330 2374 Hom.
355 2311 411 2375 (ld.
436 2335 466 2389 α,
490 2334 516 2374 v.
542 2312 619 2375 266:

238 2412 363 2493 πάντες
386 2409 417 2479 κ’
436 2409 615 2502 ὠκύμοροί
639 2441 678 2482 τε
700 2421 704 2502 Ι
725 2420 878 2501 γενοίατο
902 2415 1117 2503 πικρόγαμοί
1141 2444 1181 2484 τε.

152 2522 250 2588 eiusd.
273 2523 349 2588 libri
372 2546 399 2587 v.
424 2525 502 2588 397:
1038 2534 1040 2538 '

303 2622 409 2715 αὐτὰρ
434 2623 520 2715 ἐγών
544 2630 664 2695 οἲκοιο
685 2634 690 2717 l
711 2624 796 2712 ἄναξ
819 2625 908 2715 ἔσσμ)
933 2625 1119 2717 ἡμετέροιο
1178 2669 1180 2672 <

151 2739 181 2814 β,
206 2736 261 2799 83:

267 2839 452 2928 Τηλέμαχον
475 2840 656 2926 μύθοισιν
677 2844 681 2930 l
703 2837 910 2928 ἀμείψασθαι
932 2849 1158 2928 χαλεποῖσιν.

152 2949 236 3014 Bene
260 2950 293 3013 in
316 2949 366 3014 his
389 2951 539 3034 exemplis
563 2972 710 3016 caesurae
734 2954 780 3016 vis
803 2957 938 3035 augetur
957 2974 1104 3016 sonorum
1124 2952 1274 3019 similitu-

151 3056 225 3120 dine
250 3058 280 3120 in
304 3056 450 3121 binarum
472 3058 611 3140 partium
634 3057 696 3122 line
719 3059 879 3123 redeunte.

240 3165 349 3245 Aeque
380 3169 477 3246 atque
504 3163 537 3226 in
564 3165 756 3230 hexametris
783 3187 850 3230 rem
878 3185 943 3231 sese
972 3164 1089 3229 habere
1116 3166 1151 3228 in
1178 3167 1274 3229 metri

151 3267 304 3334 trochaici
322 3270 463 3335 versibus
487 3273 669 3336 acatalectis
691 3276 767 3334 ante
790 3273 897 3337 oeulos
920 3278 982 3336 est:
1006 3293 1113 3336 versus
1131 3270 1274 3336 trochai-

151 3396 203 3439 cos
231 3376 444 3453 catalecticos,
472 3380 525 3460 qui
553 3383 627 3443 sunt
649 3378 742 3461 longe
764 3378 907 3461 plurimi,
934 3385 966 3442 et
989 3400 1096 3444 versus
1119 3378 1273 3444 iambicos

151 3482 192 3545 ad
220 3481 459 3548 similitudinem
482 3505 590 3549 versus
616 3484 806 3567 pentametri
834 3484 894 3549 hac
920 3487 954 3548 in
976 3507 1012 3550 re
1034 3485 1184 3550 accedere
1207 3507 1273 3550 non

150 3587 253 3652 miuus
285 3588 414 3670 planum
446 3595 501 3655 est.
552 3591 588 3655 In
620 3591 670 3655 his
702 3597 807 3656 alitem
835 3591 861 3656 si
889 3612 953 3656 una
979 3592 1114 3676 syllaba,
1147 3592 1273 3658 etiamsi

150 3696 308 3760 levissima
331 3702 392 3772 est,
418 3697 501 3762 redit
524 3699 556 3761 in
581 3719 726 3761 versuum
749 3700 823 3763 sede
847 3721 896 3774 ea,
919 3700 1008 3762 cuius
1031 3699 1200 3782 singularis
1224 3699 1273 3764 vis

152 3808 200 3866 est
224 3842 264 3849 -
288 3804 322 3866 in
346 3825 452 3869 versus
480 3806 669 3887 pentametri
698 3812 828 3870 caesura
855 3806 996 3889 legitima
1024 3813 1054 3870 et
1079 3808 1111 3868 in
1134 3805 1209 3882 fine,
1240 3807 1272 3869 in

242 4039 259 4095 ¹)
279 4037 321 4090 Ne
336 4052 443 4090 versum
464 4039 497 4090 13
517 4037 635 4105 quidem,
656 4052 820 4106 quamquam
840 4037 868 4090 in
888 4041 1010 4106 θηεῦντο
1030 4036 1095 4101 exit,
1115 4037 1150 4090 erl
1170 4037 1270 4091 rimum

151 4139 292 4181 arcessere
311 4124 401 4180 velim.
692 4122 694 4127 ’
